@book{Szor2005,
	author = {Szor, Peter},
	isbn = {0321304543},
	publisher = {Addison-Wesley Professional},
	title = {{The Art of Computer Virus Research and Defense}},
	year = {2005}
}

@inproceedings{Kolbitsch2009,
	author = {Kolbitsch, Clemens and Comparetti, Paolo Milani and Kruegel, Christopher and Kirda, Engin and Zhou, Xiaoyong and Wang, XiaoFeng},
	series = {{USENIX Security}},
	title = {{Effective and Efficient Malware Detection at the End Host}},
	year = {2009}
}

@inproceedings{Fredrikson2010,
	author = {Fredrikson, Matt and Jha, Somesh and Christodorescu, Mihai and Sailer, Reiner and Yan, Xifeng},
	series = {{SSP}},
	title = {{Synthesizing Near-Optimal Malware Specifications from Suspicious Behaviors}},
	year = {2010}
}

@inproceedings{Beaucamps2010,
	author = {Beaucamps, Philippe and Gnaedig, Isabelle and Marion, Jean-Yves},
	series = {{RV}},
	title = {{Behavior Abstraction in Malware Analysis}},
	year = {2010}
}

@inproceedings{Babic2011,
	author = {Babi\'{c}, Domagoj and Reynaud, Daniel and Song, Dawn},
	series = {{CAV}},
	title = {{Malware Analysis with Tree Automata Inference}},
	year = {2011}
}

@inproceedings{Forrest1996,
	author = {Forrest, Stephanie and Hofmeyr, Steven A. and Somayaji, Anil and Longstaff, Thomas A.},
	pages = {120--128},
	publisher = {IEEE},
	series = {{SSP}},
	title = {{A Sense of Self for Unix Processes}},
	url = {http://dl.acm.org/citation.cfm?id=525080.884258},
	year = {1996}
}

@techreport{Milner1989,
	author = {Milner, Robin and Parrow, Joachim and Walker, David},
	title = {{A Calculus of Mobile Processes, Parts {I} and {II}}},
	url = {http://dl.acm.org/citation.cfm?id=162037.162038},
	year = {1989}
}

@techreport{Milner1992,
	author = {Milner, Robin},
	title = {{Action Structures}},
	url = {http://www.lfcs.inf.ed.ac.uk/reports/92/ECS-LFCS-92-249/},
	year = {1992}
}

@techreport{MilnerActionStructuresPi,
	author = {Milner, Robin},
	institution = {Computer Science Department, University of Edinburgh},
	month = {5},
	title = {{Action Structures for the Pi-Calculus}},
	url = {http://www.lfcs.inf.ed.ac.uk/reports/92/ECS-LFCS-92-249/},
	year = {1993}
}

@book{Milner1999,
	author = {Milner, Robin},
	isbn = {0-521-65869-1},
	publisher = {Cambridge University Press},
	title = {{Communicating and mobile systems: the $\pi$-calculus}},
	year = {1999}
}

@inproceedings{Forrest2008,
	author = {Forrest, Stephanie and Hofmeyr, Steven and Somayaji, Anil},
	booktitle = {{Proceedings of the 24th Annual Computer Security Applications Conference}},
	numpages = {13},
	pages = {418--430},
	series = {{ACSAC '08}},
	title = {{The Evolution of System-Call Monitoring}},
	url = {http://dx.doi.org/10.1109/ACSAC.2008.54}
}

@inproceedings{Milner1993,
	author = {Milner, Robin},
	booktitle = {{Logic and Algebra of Specification}},
	pages = {203--246},
	posted-at = {2007-01-07 10:17:21},
	priority = {2},
	publisher = {Springer-Verlag},
	title = {{The Polyadic $\pi$-Calculus: a Tutorial}},
	year = {1993}
}

@article{Moggi:1991:NCM:116981.116984,
	acmid = {116984},
	address = {Duluth, MN, USA},
	author = {Moggi, Eugenio},
	issn = {0890-5401},
	issue = {1},
	journal = {Information and Computation},
	month = {7},
	numpages = {38},
	pages = {55--92},
	publisher = {Academic Press, Inc.},
	title = {{Notions of computation and monads}},
	url = {http://dl.acm.org/citation.cfm?id=116981.116984},
	volume = {93},
	year = {1991}
}

@inproceedings{Moggi:1989:CLM:77350.77353,
	acmid = {77353},
	author = {Moggi, Eugenio},
	booktitle = {{Proceedings of the Fourth Annual Symposium on Logic in computer science}},
	isbn = {0-8186-1954-6},
	numpages = {10},
	pages = {14--23},
	publisher = {IEEE Press},
	title = {{Computational lambda-calculus and monads}},
	url = {http://dl.acm.org/citation.cfm?id=77350.77353},
	year = {1989}
}

@techreport{citeulike:763238,
	author = {Moggi, Eugenio},
	howpublished = {ECS-LFCS-90-113},
	institution = {Edinburgh University},
	title = {{An Abstract View of Programming Languages}},
	url = {http://www.disi.unige.it/person/MoggiE/ftp/abs-view.pdf},
	year = {1989}
}

@book{Davey2002,
	author = {Davey, Brian A. and Priestley, Hilary A.},
	edition = {2},
	isbn = {978-0-521-78451-1},
	publisher = {Cambridge University Press},
	title = {{Introduction to Lattices and Order}},
	year = {2002}
}

@incollection{Glabbeek2001,
	author = {Glabbeek, R.J. van},
	booktitle = {{Handbook of Process Algebra}},
	chapter = {1},
	pages = {3--99},
	publisher = {Elsevier},
	title = {{The Linear Time -- Branching Time Spectrum {I}: The Semantics of Concrete, Sequential Processes}},
	year = {2001}
}

@article{springerlink:10.1007/BF01211314,
	affiliation = {Computer Science Department North Carolina State University USA},
	author = {Cleaveland, Rance and Hennessy, Matthew},
	issn = {0934-5043},
	issue = {1},
	journal = {Formal Aspects of Computing},
	note = {10.1007/BF01211314},
	pages = {1--20},
	publisher = {Springer London},
	title = {{Testing equivalence as a bisimulation equivalence}},
	url = {http://dx.doi.org/10.1007/BF01211314},
	volume = {5},
	year = {1993}
}

@article{Abramsky:1987:OET:39450.39454,
	acmid = {39454},
	address = {Essex, UK},
	author = {Abramsky, Samson},
	issn = {0304-3975},
	issue = {2-3},
	journal = {Theoretical Computer Science},
	month = {8},
	numpages = {17},
	pages = {225--241},
	publisher = {Elsevier Science Publishers Ltd.},
	title = {{Observation equivalence as a testing equivalence}},
	url = {http://dx.doi.org/10.1016/0304-3975(87)90065-X},
	volume = {53},
	year = {1987}
}

@article{Cohen1987,
	acmid = {25139},
	address = {Oxford, UK, UK},
	author = {Cohen, Fred},
	doi = {10.1016/0167-4048(87)90122-2},
	issn = {0167-4048},
	issue = {1},
	journal = {Computers and Security},
	month = {2},
	numpages = {14},
	pages = {22--35},
	publisher = {Elsevier Advanced Technology Publications},
	title = {{Computer Viruses: Theory and Experiments}},
	url = {http://dl.acm.org/citation.cfm?id=25137.25139},
	volume = {6},
	year = {1987}
}

@inproceedings{Bonfante2009,
	author = {Bonfante, Guillaume and Marion, Jean-Yves and Reynaud-Plantey, Daniel},
	series = {{SEFM}},
	title = {{A Computability Perspective on Self-Modifying Programs}},
	year = {2009}
}

@article{Boyer:1977:FSS:359842.359859,
	acmid = {359859},
	address = {New York, NY, USA},
	author = {Boyer, Robert S. and Moore, J. Strother},
	issn = {0001-0782},
	issue = {10},
	journal = {Communications of the ACM},
	month = {10},
	numpages = {11},
	pages = {762--772},
	publisher = {ACM},
	title = {{A fast string searching algorithm}},
	url = {http://doi.acm.org/10.1145/359842.359859},
	volume = {20},
	year = {1977}
}

@article{Filiol2007,
	author = {Filiol, Eric},
	bibsource = {DBLP, http://dblp.uni-trier.de},
	ee = {http://dx.doi.org/10.1007/s11416-007-0044-2},
	journal = {Journal in Computer Virology},
	number = {2},
	pages = {75--86},
	title = {{Formalisation and implementation aspects of $\kappa$-ary (malicious) codes}},
	volume = {3},
	year = {2007}
}

@inproceedings{Ramilli2011,
	author = {Ramilli, Marco and Bishop, Matt and Sun, Shining},
	booktitle = {{Proceedings of the 6th International Conference on Malicious and Unwanted Software}},
	title = {{Multiprocess malware}},
	year = {2011}
}

@inproceedings{paper40,
	author = {Abramsky, Samson},
	booktitle = {{Proceedings of the 1996 {CLiCS} Summer School, Isaac Newton Institute}},
	editor = {Dybjer, P. and Pitts, A.},
	pages = {1--31},
	publisher = {Cambridge University Press},
	title = {{Semantics of Interaction: an introduction to Game Semantics}},
	year = {1997}
}

@inproceedings{Nicola1983,
	address = {London, UK},
	author = {Nicola, Rocco De and Hennessy, Matthew},
	booktitle = {{Proceedings of the 10th Colloquium on Automata, Languages and Programming}},
	isbn = {3-540-12317-2},
	numpages = {13},
	pages = {548--560},
	publisher = {Springer-Verlag},
	title = {{Testing Equivalence for Processes}},
	url = {http://dl.acm.org/citation.cfm?id=646237.683016},
	year = {1983}
}

@book{DBLP:books/daglib/0066919,
	author = {Hennessy, Matthew},
	bibsource = {DBLP, http://dblp.uni-trier.de},
	isbn = {978-0-262-08171-9},
	pages = {I--VI, 1--270},
	publisher = {MIT Press},
	series = {{MIT Press series in the foundations of computing}},
	title = {{Algebraic theory of processes}},
	year = {1988}
}

@inproceedings{Moser2007,
	author = {Moser, Andreas and Kruegel, Christopher and Kirda, Engin},
	series = {{ACSAC}},
	title = {{Limits of Static Analysis for Malware Detection}},
	year = {2007}
}

@inproceedings{Linn2003,
	author = {Linn, Cullen and Debray, Saumya},
	series = {{CCS}},
	title = {{Obfuscation of Executable Code to Improve Resistance to Static Disassembly}},
	year = {2003}
}

@techreport{RUUCS8106,
	author = {Bohm, A.P.W. and Leeuwen, J.~van},
	institution = {Department of Information and Computing Sciences, Utrecht University},
	number = {RUU-CS-81-06},
	title = {{A basis for dataflow computing}},
	url = {http://www.cs.uu.nl/research/techreps/repo/CS-1981/1981-06.pdf},
	year = {1981}
}

@incollection{Milner1990,
	author = {Milner, Robin},
	booktitle = {{Automata, Languages and Programming}},
	isbn = {978-3-540-52826-5},
	pages = {167--180},
	publisher = {Springer Berlin Heidelberg},
	series = {{Lecture Notes in Computer Science}},
	title = {{Functions as processes}},
	url = {http://dx.doi.org/10.1007/BFb0032030},
	volume = {443},
	year = {1990}
}

@incollection{selfreplication,
	affiliation = {Electrical and Computer Engineering Watson School, Binghamton University, Binghamton, NY 13902, USA},
	author = {Skormin, Victor and Summerville, Douglas and Moronski, James},
	booktitle = {{Computer Network Security}},
	isbn = {978-3-540-40797-3},
	pages = {195--205},
	publisher = {Springer Berlin / Heidelberg},
	series = {{Lecture Notes in Computer Science}},
	title = {{Detecting Malicious Codes by the Presence of Their Gene of Self-replication}},
	volume = {2776},
	year = {2003}
}

@article{datatypesaslattices,
	author = {Scott, Dana S.},
	doi = {10.1137/0205037},
	issue = {3},
	journal = {Siam Journal on Computing},
	pages = {522--587},
	title = {{Data Types as Lattices}},
	url = {http://dx.doi.org/10.1007/BFb0079432},
	volume = {5},
	year = {1976}
}

@inproceedings{4218876,
	author = {Webster, Matt and Malcolm, Grant},
	booktitle = {{IEEE Symposium on Artificial Life. ALIFE '07.}},
	doi = {10.1109/ALIFE.2007.367786},
	month = {4},
	pages = {115--122},
	title = {{Reproducer Classification Using the Theory of Affordances}},
	year = {2007}
}

@techreport{stuxnet,
	author = {Falliere, Nicolas and Murchu, Liam O and Chien, Eric},
	institution = {Symantec Security Response},
	month = {2},
	title = {{W32.Stuxnet Dossier}},
	url = {http://www.symantec.com/content/en/us/enterprise/media/security_response/whitepapers/w32_stuxnet_dossier.pdf},
	year = {2011}
}

@techreport{gauss,
	author = {Lab, Kaspersky},
	title = {{Gauss: Abnormal Distribution}},
	url = {http://kasperskycontenthub.com/wp-content/uploads/sites/43/vlpdfs/kaspersky-lab-gauss.pdf},
	year = {2012}
}

@techreport{regin,
	author = {Response, Symantec Security},
	title = {{Regin: Top-tier espionage tool enables stealthy surveillance}},
	url = {http://kasperskycontenthub.com/wp-content/uploads/sites/43/vlpdfs/kaspersky-lab-gauss.pdf},
	year = {2014}
}

@techreport{McAfeeNeutralize,
	author = {Metcalf, Ed and Simon, Rick},
	title = {{Neutralize Advanced Threats}},
	url = {http://www.mcafee.com/us/resources/solution-briefs/sb-neutralize-advanced-threats.pdf},
	year = {2013}
}

@online{xorg,
	author = {Foundation, X.Org},
	title = {{X Window System}},
	url = {http://www.x.org/wiki/}
}

@article{Atkey:2009:PNC:1561017.1561022,
	acmid = {1561022},
	address = {New York, NY, USA},
	author = {Atkey, Robert},
	doi = {10.1017/S095679680900728X},
	issn = {0956-7968},
	journal = {Journal of Functional Programming},
	month = {7},
	number = {3-4},
	numpages = {42},
	pages = {335--376},
	publisher = {Cambridge University Press},
	title = {{Parameterised notions of computation}},
	url = {http://dx.doi.org/10.1017/S095679680900728X},
	volume = {19},
	year = {2009}
}

@incollection{abramsky94,
	author = {Abramsky, Samson and Jung, Achim},
	booktitle = {{Handbook of Logic in Computer Science}},
	pages = {1--168},
	publisher = {Clarendon Press},
	title = {{Domain Theory}},
	volume = {3},
	year = {1994}
}

@online{kernelobjectwindows,
	author = {Development, Windows Desktop},
	month = {6},
	title = {{Kernel Objects}},
	url = {http://msdn.microsoft.com/en-us/library/windows/desktop/ms724485(v=vs.85).aspx},
	year = {2012}
}

@book{Steven2005,
	author = {Stevens, W. Richard and Rago, Stephen A.},
	edition = {2},
	publisher = {Addison-Wesley Professional},
	title = {{Advanced Programming in the UNIX Environment}},
	year = {2005}
}

@inproceedings{Abadi1997,
	author = {Abadi, Mart\'{\i}n and Gordon, Andrew D.},
	booktitle = {{Proceedings of the 4th ACM conference on Computer and communications security}},
	doi = {10.1145/266420.266432},
	numpages = {12},
	pages = {36--47},
	series = {{CCS '97}},
	title = {{A calculus for cryptographic protocols: the spi calculus}},
	url = {http://doi.acm.org/10.1145/266420.266432}
}

@techreport{Abadi1997t,
	author = {Abadi, Mart\'{\i}n and Gordon, Andrew D.},
	month = {1},
	title = {{A calculus for cryptographic protocols: the spi calculus}},
	url = {http://www.soe.ucsc.edu/~abadi/Papers/spi.ps},
	year = {1998}
}

@inproceedings{Hennessy:1980:ONC:646234.758793,
	acmid = {758793},
	address = {London, UK, UK},
	author = {Hennessy, Matthew and Milner, Robin},
	booktitle = {{Proceedings of the 7th Colloquium on Automata, Languages and Programming}},
	isbn = {3-540-10003-2},
	numpages = {11},
	pages = {299--309},
	publisher = {Springer-Verlag},
	title = {{On Observing Nondeterminism and Concurrency}},
	url = {http://dl.acm.org/citation.cfm?id=646234.758793},
	year = {1980}
}

@book{Milner:1982:CCS:539036,
	address = {Secaucus, NJ, USA},
	author = {Milner, Robin},
	isbn = {0387102353},
	publisher = {Springer-Verlag New York, Inc.},
	title = {{A Calculus of Communicating Systems}},
	year = {1982}
}

@inproceedings{Pnueli1985,
	author = {Pnueli, Amir},
	series = {{ICALP}},
	title = {{Linear and Branching Structures in the Semantics and Logics of Reactive Systems}},
	year = {1985}
}

@book{Awodey2010,
	author = {Awodey, Steve},
	edition = {2},
	isbn = {0199237182},
	month = {8},
	publisher = {Oxford University Press, USA},
	series = {{Oxford Logic Guides}},
	title = {{Category Theory}},
	year = {2010}
}

@incollection{Mazurkiewicz:1987:TT:25542.25553,
	author = {Mazurkiewicz, Antoni},
	booktitle = {{Petri Nets: Applications and Relationships to Other Models of Concurrency}},
	isbn = {978-3-540-17906-1},
	pages = {278--324},
	publisher = {Springer Berlin / Heidelberg},
	series = {{Lecture Notes in Computer Science}},
	title = {{Trace theory}},
	url = {http://dx.doi.org/10.1007/3-540-17906-2_30},
	volume = {255},
	year = {1987}
}

@incollection{Mazurkiewicz:1988:BNT:648140.749665,
	author = {Mazurkiewicz, Antoni},
	booktitle = {{Linear Time, Branching Time and Partial Order in Logics and Models for Concurrency}},
	isbn = {978-3-540-51080-2},
	pages = {285--363},
	publisher = {Springer Berlin / Heidelberg},
	series = {{Lecture Notes in Computer Science}},
	title = {{Basic notions of trace theory}},
	volume = {354},
	year = {1989}
}

@inproceedings{Yin2007,
	author = {Yin, Heng and Song, Dawn and Egele, Manuel and Kruegel, Christopher and Kirda, Engin},
	booktitle = {{Proceedings of the 14th ACM Conference on Computer and Communications Security}},
	isbn = {978-1-59593-703-2},
	numpages = {12},
	pages = {116--127},
	series = {{CCS '07}},
	title = {{Panorama: Capturing System-wide Information Flow for Malware Detection and Analysis}},
	url = {http://doi.acm.org/10.1145/1315245.1315261}
}

@inproceedings{Preda2007,
	author = {{Dalla Preda}, Mila and Christodorescu, Mihai and Jha, Somesh and Debray, Saumya},
	series = {{POPL}},
	title = {{A Semantics-Based Approach to Malware Detection}},
	year = {2007}
}

@inproceedings{Christodorescu2005,
	author = {Christodorescu, Mihai and Jha, Somesh and Seshia, Sanjit A. and Song, Dawn and Bryant, Randal E.},
	series = {{SSP}},
	title = {{Semantics-Aware Malware Detection}},
	year = {2005}
}

@inproceedings{OHearn2001,
	acmid = {737404},
	address = {London, UK, UK},
	author = {O'Hearn, Peter W. and Reynolds, John C. and Yang, Hongseok},
	booktitle = {{Proceedings of the 15th International Workshop on Computer Science Logic}},
	isbn = {3-540-42554-3},
	numpages = {19},
	pages = {1--19},
	publisher = {Springer-Verlag},
	series = {{CSL '01}},
	title = {{Local Reasoning about Programs that Alter Data Structures}},
	url = {http://dl.acm.org/citation.cfm?id=647851.737404},
	year = {2001}
}

@article{Rensink:2002:PAA:507760.507761,
	author = {Rensink, Arend and Wehrheim, Heike},
	issn = {0001-5903},
	issue = {3},
	journal = {Acta Informatica},
	note = {10.1007/s002360100070},
	pages = {155--234},
	publisher = {Springer Berlin / Heidelberg},
	title = {{Process algebra with action dependencies}},
	url = {http://dx.doi.org/10.1007/s002360100070},
	volume = {38},
	year = {2001}
}

@book{Russinovich2009,
	author = {Russinovich, Mark and Solomon, David A.},
	edition = {5th},
	isbn = {0735625301, 9780735625303},
	publisher = {MS Press},
	title = {{Windows Internals: Including Windows Server 2008 and Windows Vista, Fifth Edition}},
	year = {2009}
}

@online{Coecke2011,
	author = {Coecke, Bob and Lal, Raymond},
	month = {6},
	title = {{Causal Categories: Relativistically Interacting Processes}},
	url = {http://arxiv.org/abs/1107.6019},
	year = {2011}
}

@online{Selinger2010,
	author = {Selinger, Peter},
	month = {8},
	title = {{A survey of graphical languages for monoidal categories}},
	url = {http://arxiv.org/abs/0908.3347},
	year = {2009}
}

@incollection{Coecke2010,
	author = {Coecke, Bob and Paquette, Eric Oliver},
	booktitle = {{New Structures for Physics}},
	doi = {10.1007/978-3-642-12821-9_4},
	isbn = {978-3-642-12820-2},
	pages = {173--286},
	publisher = {Springer Berlin Heidelberg},
	series = {{Lecture Notes in Physics}},
	title = {{Categories for the Practising Physicist}},
	url = {http://dx.doi.org/10.1007/978-3-642-12821-9_4},
	volume = {813},
	year = {2010}
}

@incollection{Castellani2001,
	author = {Castellani, Ilaria},
	booktitle = {{Handbook of Process Algebra}},
	chapter = {5},
	pages = {945--1045},
	publisher = {Elsevier},
	title = {{Process algebras with localities}},
	year = {2001}
}

@inproceedings{Bonfante2008,
	author = {Bonfante, Guillaume and Kaczmarek, Matthieu and Marion, Jean-Yves},
	series = {{MALWARE}},
	title = {{Morphological Detection of Malware}},
	year = {2008}
}

@article{Weiqin2012,
	affiliation = {Department of Computer Science and Engineering, Texas A\&M University, College Station, TX 77843-3112, USA},
	author = {Ma, Weiqin and Duan, Pu and Liu, Sanmin and Gu, Guofei and Liu, Jyh-Charn},
	issn = {1772-9890},
	issue = {1},
	journal = {JCV},
	pages = {1--13},
	publisher = {Springer Paris},
	title = {{Shadow attacks: automatically evading system-call-behavior based malware detection}},
	url = {http://dx.doi.org/10.1007/s11416-011-0157-5},
	volume = {8},
	year = {2012}
}

@inproceedings{Jacob2010,
	author = {Jacob, Gregoire and Filiol, Eric and Debar, Herve},
	booktitle = {{International Conference on Availability, Reliability and Security}},
	doi = {10.1109/ARES.2010.59},
	pages = {597--602},
	title = {{Formalization of Viruses and Malware Through Process Algebras}},
	year = {2010}
}

@incollection{2011,
	affiliation = {Dipartimento di Scienze dell Informazione, Universit\`{a} di Bologna, Italy},
	author = {{Dalla Preda}, Mila and {Di Giusto}, Cinzia},
	booktitle = {{Fundamentals of Computation Theory}},
	pages = {102--113},
	publisher = {Springer-Verlag},
	title = {{Hunting Distributed Malware with the $\kappa$-Calculus}},
	url = {http://dx.doi.org/10.1007/978-3-642-22953-4_9},
	volume = {6914},
	year = {2011}
}

@incollection{Bonfante2007,
	affiliation = {CARTE - INRIA Lorraine - LORIA},
	author = {Bonfante, Guillaume and Kaczmarek, Matthieu and Marion, Jean-Yves},
	booktitle = {{Computation and Logic in the Real World}},
	isbn = {978-3-540-73000-2},
	pages = {73--82},
	publisher = {Springer Berlin / Heidelberg},
	series = {{Lecture Notes in Computer Science}},
	title = {{A Classification of Viruses Through Recursion Theorems}},
	url = {http://dx.doi.org/10.1007/978-3-540-73001-9_8},
	volume = {4497},
	year = {2007}
}

@article{ZuoZ04,
	author = {Zuo, Zhihong and Zhou, Mingtian},
	journal = {The Computer Journal},
	number = {6},
	pages = {627--633},
	title = {{Some Further Theoretical Results about Computer Viruses}},
	url = {http://dx.doi.org/10.1093/comjnl/47.6.627},
	volume = {47},
	year = {2004}
}

@article{Hennessy2002,
	address = {Duluth, MN, USA},
	author = {Hennessy, Matthew and Riely, James},
	issn = {0890-5401},
	journal = {Information and Computation},
	month = {2},
	number = {1},
	numpages = {39},
	pages = {82--120},
	publisher = {Academic Press, Inc.},
	title = {{Resource Access Control in Systems of Mobile Agents}},
	url = {http://dx.doi.org/10.1006/inco.2001.3089},
	volume = {173},
	year = {2002}
}

@incollection{Cardelli1999,
	address = {London, UK},
	author = {Cardelli, Luca},
	booktitle = {{Secure Internet Programming}},
	isbn = {3-540-66130-1},
	numpages = {44},
	pages = {51--94},
	publisher = {Springer-Verlag},
	title = {{Abstractions for Mobile Computations}},
	url = {http://dl.acm.org/citation.cfm?id=380171.380179},
	year = {1999}
}

@article{Sangiorgi1996,
	address = {Essex, UK},
	author = {Sangiorgi, Davide},
	issn = {0304-3975},
	journal = {Theoretical Computer Science},
	month = {2},
	number = {1},
	numpages = {45},
	pages = {39--83},
	publisher = {Elsevier Science Publishers Ltd.},
	title = {{Locality and Non-Interleaving Semantics in Calculi for Mobile Processes}},
	url = {http://dx.doi.org/10.1016/0304-3975(95)00020-8},
	volume = {155},
	year = {1996}
}

@inproceedings{Chothia2001,
	author = {Chothia, Tom and Stark, Ian},
	booktitle = {{Proceedings of the 4th International Workshop on High-Level Concurrent Languages}},
	number = {2},
	publisher = {Elsevier},
	series = {{Electronic Notes in Theoretical Computer Science}},
	title = {{A Distributed $\pi$-Calculus with Local Areas of Communication}},
	url = {http://www.inf.ed.ac.uk/~stark/discla.html},
	volume = {41},
	year = {2001}
}

@article{Cardelli2000,
	author = {Cardelli, Luca and Gordon, Andrew D.},
	journal = {Theoretical Computer Science},
	number = {1},
	title = {{Mobile Ambients}},
	volume = {240},
	year = {2000}
}

@techreport{Boudol1992,
	affiliation = {MEIJE - INRIA Sophia Antipolis},
	author = {Boudol, G\'{e}rard},
	institution = {INRIA},
	numpages = {15},
	title = {{Asynchrony and the Pi-calculus}},
	url = {http://hal.inria.fr/inria-00076939},
	year = {1992}
}

@inproceedings{Jones2001,
	author = {Jones, Anita K. and Lin, Yu},
	booktitle = {{Proceedings of the 17th Annual Computer Security Applications Conference}},
	pages = {442--449},
	series = {{ACSAC '01}},
	title = {{Application Intrusion Detection using Language Library Calls}}
}

@inproceedings{Xu2004,
	author = {Xu, J-Y. and Sung, A. H. and Chavez, P. and Mukkamala, S.},
	booktitle = {{Proceedings of the Fourth International Conference on Hybrid Intelligent Systems}},
	doi = {10.1109/ICHIS.2004.75},
	numpages = {6},
	pages = {378--383},
	series = {{HIS '04}},
	title = {{Polymorphic Malicious Executable Scanner by API Sequence Analysis}},
	url = {http://dx.doi.org/10.1109/ICHIS.2004.75}
}

@article{Boreale1995,
	author = {Boreale, Michele and {De Nicola}, Rocco},
	issn = {0890-5401},
	journal = {Information and Computation},
	month = {8},
	number = {2},
	numpages = {25},
	pages = {279--303},
	title = {{Testing Equivalence for Mobile Processes}},
	url = {http://dx.doi.org/10.1006/inco.1995.1114},
	volume = {120},
	year = {1995}
}

@inproceedings{MilnerSangiorgi1992,
	author = {Milner, Robin and Sangiorgi, Davide},
	booktitle = {{Proceedings of the 19th International Colloquium on Automata, Languages and Programming}},
	numpages = {11},
	pages = {685--695},
	series = {{ICALP '92}},
	title = {{Barbed Bisimulation}},
	url = {http://dl.acm.org/citation.cfm?id=646246.684864},
	year = {1992}
}

@article{Sewell2002,
	address = {Essex, UK},
	author = {Sewell, Peter},
	issn = {0304-3975},
	journal = {Theoretical Computer Science},
	month = {3},
	number = {1-2},
	numpages = {48},
	pages = {183--230},
	publisher = {Elsevier Science Publishers Ltd.},
	title = {{From rewrite rules to bisimulation congruences}},
	url = {http://dx.doi.org/10.1016/S0304-3975(00)00309-1},
	volume = {274},
	year = {2002}
}

@inproceedings{Leifer2000,
	author = {Leifer, James J. and Milner, Robin},
	booktitle = {{11th International Conference on Concurrency Theory}},
	month = {8},
	pages = {243--258},
	series = {{CONCUR}},
	title = {{Deriving Bisimulation Congruences for Reactive Systems}},
	url = {http://dx.doi.org/10.1007/3-540-44618-4_19},
	year = {2000}
}

@inproceedings{Christodorescu2007,
	author = {Christodorescu, Mihai and Kruegel, Christopher and Jha, Somesh},
	isbn = {978-1-59593-811-4},
	pages = {5--14},
	series = {{SIGSOFT}},
	title = {{Mining Specifications of Malicious Behavior}},
	year = {2007}
}

@unpublished{Beaucamps2010u,
	affiliation = {CARTE - INRIA Lorraine - LORIA},
	author = {Beaucamps, Philippe and Gnaedig, Isabelle and Marion, Jean-Yves},
	month = {8},
	title = {{Behavior Abstraction in Malware Analysis - Extended Version}},
	url = {http://hal.inria.fr/inria-00509486},
	year = {2010}
}

@inproceedings{Carzaniga1997,
	address = {New York, NY, USA},
	author = {Carzaniga, Antonio and Picco, Gian Pietro and Vigna, Giovanni},
	booktitle = {{Proceedings of the 19th International Conference on Software engineering}},
	isbn = {0-89791-914-9},
	numpages = {11},
	pages = {22--32},
	publisher = {ACM},
	series = {{ICSE '97}},
	title = {{Designing Distributed Applications with Mobile Code Paradigms}},
	url = {http://doi.acm.org/10.1145/253228.253236},
	year = {1997}
}

@article{Fuggetta1998,
	address = {Piscataway, NJ, USA},
	author = {Fuggetta, Alfonso and Picco, Gian Pietro and Vigna, Giovanni},
	issn = {0098-5589},
	journal = {IEEE Transactions on Software Engineering},
	month = {5},
	number = {5},
	numpages = {20},
	pages = {342--361},
	publisher = {IEEE Press},
	title = {{Understanding Code Mobility}},
	url = {http://dx.doi.org/10.1109/32.685258},
	volume = {24},
	year = {1998}
}

@inproceedings{Bose2008,
	address = {New York, NY, USA},
	author = {Bose, Abhijit and Hu, Xin and Shin, Kang G. and Park, Taejoon},
	booktitle = {{Proceedings of the 6th international conference on Mobile systems, applications, and services}},
	isbn = {978-1-60558-139-2},
	numpages = {14},
	pages = {225--238},
	publisher = {ACM},
	series = {{MobiSys '08}},
	title = {{Behavioral Detection of Malware on Mobile Handsets}},
	url = {http://doi.acm.org/10.1145/1378600.1378626},
	year = {2008}
}

@article{King2005,
	address = {New York, NY, USA},
	author = {King, Samuel T. and Chen, Peter M.},
	issn = {0734-2071},
	journal = {ACM Transactions on Computer Systems},
	month = {2},
	number = {1},
	numpages = {26},
	pages = {51--76},
	publisher = {ACM},
	title = {{Backtracking Intrusions}},
	url = {http://doi.acm.org/10.1145/1047915.1047918},
	volume = {23},
	year = {2005}
}

@incollection{Winskel1987,
	affiliation = {University of Cambridge Computer Laboratory Corn Exchange Street CB2 3QG Cambridge Corn Exchange Street CB2 3QG Cambridge},
	author = {Winskel, Glynn},
	booktitle = {{Petri Nets: Applications and Relationships to Other Models of Concurrency}},
	isbn = {978-3-540-17906-1},
	pages = {325--392},
	publisher = {Springer Berlin / Heidelberg},
	series = {{Lecture Notes in Computer Science}},
	title = {{Event structures}},
	url = {http://dx.doi.org/10.1007/3-540-17906-2_31},
	volume = {255},
	year = {1987}
}

@techreport{Winskel1986,
	author = {Winskel, Glynn},
	institution = {University of Cambridge, Computer Laboratory},
	month = {6},
	number = {UCAM-CL-TR-95},
	title = {{Event structures : Lecture notes for the Advanced Course on Petri Nets}},
	url = {http://www.cl.cam.ac.uk/techreports/UCAM-CL-TR-95.pdf},
	year = {1986}
}

@techreport{Milner19931,
	author = {Miner, Robin},
	institution = {Computer Science Department, University of Edinburgh},
	month = {5},
	title = {{Action Structures for the $\pi$-Calculus}},
	url = {http://www.lfcs.inf.ed.ac.uk/reports/92/ECS-LFCS-92-249/},
	year = {1993}
}

@inproceedings{Samuel2005,
	author = {King, Samuel T. and Mao, Zhuoqing Morley and Lucchetti, Dominic G. and Chen, Peter M.},
	booktitle = {{Proceedings of the Network and Distributed System Security}},
	isbn = {1-891562-20-7, 1-891562-19-3},
	series = {{NDSS}},
	title = {{Enriching Intrusion Alerts Through Multi-Host Causality}},
	year = {2005}
}

@book{Lane1998,
	author = {Lane, Saunders Mac},
	edition = {2},
	isbn = {978-0387984032},
	publisher = {Springer-Verlag},
	title = {{Categories for the Working Mathematician}},
	year = {1998}
}

@incollection{Coecke2008,
	author = {Coecke, Bob},
	booktitle = {{What is Category Theory?}},
	isbn = {978-88-7699-031-1},
	pages = {45--74},
	series = {{Advanced Studies in Mathematics and Logic}},
	title = {{Introducing categories to the practicing physicist}},
	volume = {3},
	year = {2006}
}

@book{Hoglund2005,
	author = {Hoglund, Greg and Butler, Jamie},
	isbn = {0321294319},
	publisher = {Addison-Wesley Professional},
	title = {{Rootkits: Subverting the Windows Kernel}},
	year = {2005}
}

@article{Blute2008,
	author = {Blute, Richar and Ivanov, Ivan T. and Panangaden, Prakash},
	journal = {International Journal of Theoretical Physics},
	month = {9},
	number = {9},
	title = {{Discrete Quantum Causal Dynamics}},
	volume = {42},
	year = {2003}
}

@article{Joyal1991,
	author = {Joyal, Andr\'{e} and Street, Ross},
	issue = {1},
	journal = {Advances in Mathematics},
	month = {7},
	pages = {55--112},
	title = {{The Geometry of Tensor Calculus, I}},
	volume = {88},
	year = {1991}
}

@inproceedings{Wagner2002,
	acmid = {586145},
	author = {Wagner, David and Soto, Paolo},
	doi = {10.1145/586110.586145},
	isbn = {1-58113-612-9},
	numpages = {10},
	pages = {255--264},
	publisher = {ACM},
	series = {{CCS}},
	title = {{Mimicry Attacks on Host-Based Intrusion Detection Systems}},
	url = {http://doi.acm.org/10.1145/586110.586145},
	year = {2002}
}

@online{Duqu2011,
	author = {Response, Symantec Security},
	howpublished = {Whitepaper, Symantec Security Response},
	month = {11},
	numpages = {46},
	title = {{W32.Duqu - The precursor to the next Stuxnet}},
	url = {http://www.symantec.com/content/en/us/enterprise/media/security_response/whitepapers/w32_duqu_the_precursor_to_the_next _stuxnet.pdf},
	year = {2011}
}

@online{Stuxnet2011,
	author = {Response, Symantec Security},
	month = {2},
	numpages = {69},
	title = {{W32.Stuxnet Dossier}},
	url = {http://www.symantec.com/content/en/us/enterprise/media/security_response/whitepapers/w32_stuxnet_dossier.pdf},
	year = {2011}
}

@techreport{crysisFlame,
	author = {Lab, CrySyS},
	institution = {Budapest University of Technology and Economics},
	title = {{sKyWIper (a.k.a. Flame a.k.a. Flamer): A complex malware for targeted attacks}},
	year = {2012}
}

@article{Jacob2008,
	author = {Jacob, Gr\'{e}goire and Debar, Herv\'{e} and Filiol, Eric},
	journal = {JCV},
	number = {3},
	pages = {251--266},
	title = {{Behavioral detection of malware: from a survey towards an established taxonomy}},
	volume = {4},
	year = {2008}
}

@article{Cohen1989,
	author = {Cohen, Fred},
	journal = {Computers and Security},
	month = {6},
	title = {{Computational aspects of computer viruses}},
	volume = {8},
	year = {1989}
}

@inproceedings{Adleman1988,
	author = {Adleman, Leonard M.},
	booktitle = {{Proceedings of the 8th Annual International Cryptology Conference on Advances in Cryptology}},
	isbn = {3-540-97196-3},
	numpages = {21},
	pages = {354--374},
	series = {{CRYPTO '88}},
	title = {{An Abstract Theory of Computer Viruses}},
	url = {http://dl.acm.org/citation.cfm?id=646753.704906}
}

@article{Landi1992,
	acmid = {161501},
	address = {New York, NY, USA},
	author = {Landi, William},
	doi = {10.1145/161494.161501},
	issn = {1057-4514},
	journal = {ACM Letters on Programming Languages and Systems},
	month = {12},
	number = {4},
	numpages = {15},
	pages = {323--337},
	publisher = {ACM},
	title = {{Undecidability of static analysis}},
	url = {http://doi.acm.org/10.1145/161494.161501},
	volume = {1},
	year = {1992}
}

@book{Hopcroft2006,
	address = {Boston, MA, USA},
	author = {Hopcroft, John E. and Motwani, Rajeev and Ullman, Jeffrey D.},
	isbn = {0321455363},
	publisher = {Addison-Wesley Longman Publishing Co., Inc.},
	title = {{Introduction to Automata Theory, Languages, and Computation (3rd Edition)}},
	year = {2006}
}

@techreport{Collberg1997,
	author = {Collberg, Christian and Thomborson, Clark and Low, Douglas},
	institution = {Department of Computer Science, University of Auckland, New Zealand},
	title = {{A Taxonomy of Obfuscating Transformations}},
	year = {1997}
}

@techreport{Szor2001,
	author = {Sz\"{o}r, P\'{e}ter and Ferrie, Peter},
	howpublished = {Whitepaper, Symantec Security Response},
	title = {{Hunting For Metamorphic}},
	url = {https://www.symantec.com/avcenter/reference/hunting.for.metamorphic.pdf},
	year = {2001}
}

@inproceedings{Barak2001,
	author = {Barak, Boaz and Goldreich, Oded and Impagliazzo, Russell and Rudich, Steven and Sahai, Amit and Vadhan, Salil P. and Yang, Ke},
	pages = {1--18},
	series = {{CRYPTO}},
	title = {{On the (Im)possibility of Obfuscating Programs}},
	year = {2001}
}

@inproceedings{Sander1998,
	author = {Sander, Tomas and Tschudin, Christian F.},
	booktitle = {{Mobile Agents and Security}},
	title = {{Protecting Mobile Agents Against Malicious Hosts}},
	year = {1998}
}

@inproceedings{Bethencourt2008,
	author = {Bethencourt, John and Song, Dawn and Waters, Brent},
	booktitle = {{Proceedings of the Network and Distributed System Security Symposium}},
	month = {2},
	series = {{NDSS 2008}},
	title = {{Analysis-Resistant Malware}},
	year = {2008}
}

@phdthesis{Gentry2009,
	author = {Gentry, Craig},
	school = {Stanford University},
	title = {{A fully homomorphic encryption scheme}},
	year = {2009}
}

@book{Sipser2005,
	author = {Sipser, Michael},
	edition = {2},
	isbn = {0534950973},
	publisher = {Cengage Learning},
	title = {{Introduction to the Theory of Computation}},
	year = {2005}
}

@inproceedings{Chess2000,
	author = {Chess, David M. and White, Steve R.},
	booktitle = {{Proceedings of Virus Bulletin Conference}},
	title = {{An Undetectable Computer Virus}},
	year = {2000}
}

@article{Spinellis2003,
	author = {Spinellis, Diomidis},
	issn = {0018-9448},
	journal = {IEEE Transactions on Information Theory},
	month = {1},
	number = {1},
	pages = {280--284},
	title = {{Reliable Identification of Bounded-Length Viruses is NP-Complete}},
	volume = {49},
	year = {2003}
}

@inproceedings{Royal2006,
	author = {Royal, Paul and Halpin, Mitch and Dagon, David and Edmonds, Robert and Lee, Wenke},
	series = {{ACSAC}},
	title = {{PolyUnpack: Automating the Hidden-Code Extraction of Unpack-Executing Malware}},
	year = {2006}
}

@inproceedings{Werth2008,
	author = {Werth, Tobias and Dreweke, Alexander and W\"{o}rlein, Marc and Fischer, Ingrid and Philippsen, Michael},
	booktitle = {{International Association for Development of the Information Society}},
	pages = {11--18},
	series = {{IADIS '08}},
	title = {{DAGMA: Mining Directed Acyclic Graphs}},
	year = {2008}
}

@online{Patrick2012,
	author = {Meredith, Patrick and Rosu, Grigore},
	month = {4},
	title = {{Efficient Parametric Runtime Verification with Deterministic String Rewriting}},
	url = {https://www.ideals.illinois.edu/handle/2142/30467},
	year = {2012}
}

@inproceedings{Fredrikson2011,
	author = {Fredrikson, Matthew and Christodorescu, Mihai and Jha, Somesh},
	numpages = {16},
	pages = {252--267},
	series = {{CADE}},
	title = {{Dynamic behavior matching: a complexity analysis and new approximation algorithms}},
	year = {2011}
}

@book{Young2004,
	author = {Young, Adam and Yung, Moti},
	isbn = {0764549758},
	publisher = {John Wiley and Sons},
	title = {{Malicious Cryptography: Exposing Cryptovirology}},
	year = {2004}
}

@inproceedings{Filiol2007ICSC,
	author = {Filiol, Eric},
	booktitle = {{International Computer Science Conference}},
	series = {{ICSC '07}},
	title = {{Metamorphism, Formal Grammars and Undecidable Code Mutation}}
}

@article{Collberg2002,
	author = {Collberg, Christian S. and Thomborson, Clark},
	journal = {TSE},
	number = {8},
	title = {{Watermarking, Tamper-proffing, and Obfuscation: Tools for Software Protection}},
	volume = {28},
	year = {2002}
}

@inproceedings{Filiol2005,
	author = {Filiol, Eric},
	booktitle = {{European Institute for Computer Antivirus Research Conference}},
	series = {{EICAR '05}},
	title = {{Strong Cryptography Armoured Computer Viruses Forbidding Code Analysis: the BRADLEY virus}},
	year = {2005}
}

@article{Futoransky2006,
	author = {Futoransky, Ariel and Kargieman, Emiliano and Sarraute, Carlos and Waissbein, Ariel},
	doi = {10.1145/1127345.1127349},
	issn = {1094-9224},
	journal = {ACM Transactions on Information and System Security},
	month = {2},
	number = {1},
	numpages = {19},
	pages = {94--112},
	title = {{Foundations and applications for secure triggers}},
	url = {http://doi.acm.org/10.1145/1127345.1127349},
	volume = {9},
	year = {2006}
}

@online{Coecke2009,
	author = {Coecke, Bob and Paquette, Eric Oliver},
	journal = {ArXiv e-prints},
	month = {5},
	title = {{Categories for the practising physicist}},
	url = {http://arxiv.org/abs/0905.3010},
	year = {2009}
}

@inproceedings{Girard1995,
	author = {Girard, Jean-Yves},
	booktitle = {{Proceedings of the workshop on Advances in linear logic}},
	isbn = {0-521-55961-8},
	numpages = {42},
	pages = {1--42},
	title = {{Linear logic: its syntax and semantics}},
	url = {http://dl.acm.org/citation.cfm?id=212876.212880},
	year = {1995}
}

@inproceedings{Abadi2001,
	author = {Abadi, Mart\'{\i}n and Fournet, C\'{e}dric},
	booktitle = {{Proceedings of the 28th ACM SIGPLAN-SIGACT Symposium on Principles of Programming Languages}},
	doi = {10.1145/360204.360213},
	isbn = {1-58113-336-7},
	numpages = {12},
	pages = {104--115},
	title = {{Mobile values, new names, and secure communication}},
	url = {http://doi.acm.org/10.1145/360204.360213},
	year = {2001}
}

@inproceedings{Calvet2009,
	author = {Calvet, Joan and Davis, Carlton R. and Fernandez, Jos\'{e} M.},
	month = {10},
	pages = {88--97},
	series = {{MALWARE '10}},
	title = {{Malware authors don't learn, and that's good!}},
	year = {2009}
}

@book{Love2010,
	author = {Love, Robert},
	edition = {3rd},
	isbn = {0672329468, 9780672329463},
	publisher = {Addison-Wesley Prof.},
	title = {{Linux Kernel Development}},
	year = {2010}
}

@book{Richter2007,
	author = {Richter, Jeffrey M. and Nasarre, Christophe},
	edition = {5th},
	isbn = {0735624240, 9780735624245},
	publisher = {Microsoft Press},
	title = {{Windows via C/C++}},
	year = {2007}
}

@book{Stevens2005,
	author = {Stevens, Richard W. and Rago, Stephen A.},
	isbn = {0201433079},
	publisher = {Addison-Wesley Professional},
	title = {{Advanced Programming in the UNIX(R) Environment (2nd Edition)}},
	year = {2005}
}

@online{systemtap2012,
	author = {Various},
	title = {{SystemTap}},
	url = {http://sourceware.org/systemtap/},
	year = {2012}
}

@online{cate2012,
	author = {Dinh, TA Thanh},
	title = {{cate - a categorical malware detector}},
	url = {https://bitbucket.org/monads/codeworks},
	year = {2012}
}

@online{logkeys2012,
	author = {Kernc, Ta},
	title = {{logkeys - a GNU/Linux keylogger that works!}},
	url = {http://code.google.com/p/logkeys/},
	year = {2012}
}

@inproceedings{Jacob2009,
	author = {Jacob, Gr\'{e}goire and Debar, Herv\'{e} and Filiol, Eric},
	booktitle = {{Proceedings of the 12th International Symposium on Recent Advances in Intrusion Detection}},
	doi = {10.1007/978-3-642-04342-0_5},
	isbn = {978-3-642-04341-3},
	numpages = {20},
	pages = {81--100},
	series = {{RAID '09}},
	title = {{Malware Behavioral Detection by Attribute-Automata Using Abstraction from Platform and Language}},
	url = {http://dx.doi.org/10.1007/978-3-642-04342-0_5},
	year = {2009}
}

@article{Wang2007,
	author = {Wang, Ping and Sparks, Sherri and Zou, Cliff C.},
	issn = {1545-5971},
	journal = {IEEE Transactions on Dependable and Secure Computing},
	publisher = {IEEE Computer Society},
	title = {{An Advanced Hybrid Peer-to-Peer Botnet}},
	volume = {7},
	year = {2010}
}

@inproceedings{Yen2012,
	author = {Yen, Ting-Fang and Reiter, Michael K.},
	booktitle = {{Proceedings of the First international Conference on Principles of Security and Trust}},
	doi = {10.1007/978-3-642-28641-4_14},
	isbn = {978-3-642-28640-7},
	numpages = {20},
	pages = {249--268},
	series = {{POST'12}},
	title = {{Revisiting Botnet Models and Their Implications for Takedown Strategies}},
	url = {http://dx.doi.org/10.1007/978-3-642-28641-4_14},
	year = {2012}
}

@inproceedings{Nappa2010,
	author = {Nappa, Antonio and Fattori, Aristide and Balduzzi, Marco and Amico, Matteo Dell' and Cavallaro, Lorenzo},
	isbn = {3-642-14214-1, 978-3-642-14214-7},
	series = {{DIMVA '10}},
	title = {{Take a Deep Breath: a Stealthy, Resilient and Cost-Effective Botnet using Skype}},
	year = {2010}
}

@inproceedings{Brett2009,
	author = {Stone-Gross, Brett and Cova, Marco and Cavallaro, Lorenzo and Gilbert, Bob and Szydlowski, Martin and Kemmerer, Richard and Kruegel, Christopher and Vigna, Giovanni},
	doi = {10.1145/1653662.1653738},
	isbn = {978-1-60558-894-0},
	series = {{CCS '09}},
	title = {{Your Botnet is My Botnet: Analysis of a Botnet Takeover}},
	url = {http://doi.acm.org/10.1145/1653662.1653738},
	year = {2009}
}

@inproceedings{Holz2008,
	author = {Holz, Thorsten and Steiner, Moritz and Dahl, Frederic and Biersack, Ernst and Freiling, Felix},
	series = {{LEET '08}},
	title = {{Measurements and Mitigation of Peer-to-Peer-based Botnets: a Case Study on Storm Worm}},
	url = {http://dl.acm.org/citation.cfm?id=1387709.1387718},
	year = {2008}
}

@online{Sergey2011,
	author = {Golovanov, Sergey and Soumenkov, Igor},
	title = {{TDL4 -- Top Bot}},
	url = {http://www.securelist.com/en/analysis/204792180/TDL4_Top_Bot},
	year = {2011}
}

@inproceedings{Douceur2002,
	author = {Douceur, John R.},
	isbn = {3-540-44179-4},
	series = {{IPTPS '01}},
	title = {{The Sybil Attack}},
	year = {2002}
}

@inproceedings{Castro2002,
	author = {Castro, Miguel and Druschel, Peter and Ganesh, Ayalvadi and Rowstron, Antony and Wallach, Dan S.},
	doi = {10.1145/844128.844156},
	issn = {0163-5980},
	series = {{OSDI '02}},
	title = {{Secure routing for structured peer-to-peer overlay networks}},
	url = {http://doi.acm.org/10.1145/844128.844156},
	year = {2002}
}

@inproceedings{Starnberger2008,
	author = {Starnberger, Guenther and Kruegel, Christopher and Kirda, Engin},
	isbn = {978-1-60558-241-2},
	series = {{SecureComm '08}},
	title = {{Overbot: a botnet protocol based on Kademlia}},
	year = {2008}
}

@inproceedings{Bonfiglio08,
	author = {Bonfiglio, Dario and Mellia, Marco and Meo, Michela and Ritacca, Nicolo and Rossi, Dario},
	series = {{INFOCOM '08}},
	title = {{Tracking Down Skype Traffic}},
	year = {2008}
}

@book{Collberg2009,
	author = {Collberg, Christian and Nagra, Jasvir},
	edition = {1st},
	isbn = {0321549252, 9780321549259},
	title = {{Surreptitious Software: Obfuscation, Watermarking, and Tamperproofing for Software Protection}},
	year = {2009}
}

@inproceedings{Preda12,
	author = {{Dalla Preda}, Mila},
	isbn = {978-3-642-29165-4},
	pages = {439--444},
	series = {{ICISTM}},
	title = {{The Grand Challenge in Metamorphic Analysis}},
	year = {2012}
}

@online{Fgl2008,
	author = {Erwig, Martin},
	title = {{FGL/Haskell - A Functional Graph Library for Haskell}},
	url = {http://web.engr.oregonstate.edu/~erwig/fgl/haskell/},
	year = {2008}
}

@inproceedings{Lambek1985,
	author = {Lambek, Joachim},
	pages = {136--175},
	series = {{Combinators and Functional Programming Languages}},
	title = {{Cartesian Closed Categories and Typed Lambda-calculi}},
	year = {1985}
}

@online{6exe,
	author = {{Dorgram Malware}},
	title = {{Trojan-Dropper.Win32.Dorgam.un}},
	url = {http://goo.gl/3e1AR},
	year = {2013}
}

@online{dogexe,
	author = {{Barys Malware}},
	title = {{Gen:Variant.Barys.159}},
	url = {http://goo.gl/YDC1o},
	year = {2013}
}

@techreport{Milner2001,
	author = {Milner, Robin},
	title = {{Bigraphical reactive systems: basic theory}},
	url = {http://www-test.cl.cam.ac.uk/techreports/UCAM-CL-TR-523.pdf},
	year = {2001}
}

@article{Meseguer1990,
	author = {Meseguer, Jose and Montanari, Ugo},
	journal = {Information and Computation},
	month = oct,
	number = {2},
	pages = {105--155},
	title = {{Petri Nets are Monoids}},
	volume = {88},
	year = {1990}
}

@article{Preda2009,
	author = {{Dalla Preda}, Mila and Giacobazzi, Roberto},
	journal = {Journal of Computer Security},
	number = {6},
	numpages = {54},
	title = {{Semantics-based Code Obfuscation by Abstract Interpretation}},
	volume = {17},
	year = {2009}
}

@online{Graphviz2014,
	author = {Graphviz},
	title = {{Graph Visualization Software}},
	url = {http://www.graphviz.org/},
	year = {2014}
}

@online{Morphisme2013,
	author = {{Thanh Dinh}, Ta},
	title = {{Trace Transformation Tool}},
	url = {http://goo.gl/rqCSQ},
	year = {2013}
}

@phdthesis{Preda2007thesis,
	author = {{Dalla Preda}, Mila},
	title = {{Code Obfuscation and Malware Detection by Abstract Interpretation}},
	year = {2007}
}

@inproceedings{Mauborgne2005,
	author = {Mauborgne, Laurent and Rival, Xavier},
	series = {{ESOP}},
	title = {{Trace Partitioning in Abstract Interpretation Based Static Analyzers}},
	year = {2005}
}

@article{Cousot1997,
	author = {Cousot, Patrick},
	journal = {Electronic Notes in Theoretical Computer Science},
	title = {{Constructive Design of a Hierarchy of Semantics of a Transition System by Abstract Interpretation}},
	year = {1997}
}

@inproceedings{MoserKK07,
	author = {Moser, Andreas and Kr\"{u}gel, Christopher and Kirda, Engin},
	series = {{SSP}},
	title = {{Exploring Multiple Execution Paths for Malware Analysis}},
	year = 2007
}

@inproceedings{ComparettiSKKKZ10,
	author = {Comparetti, Paolo Milani and Salvaneschi, Guido and Kirda, Engin and Kolbitsch, Clemens and Kruegel, Christopher and Zanero, Stefano},
	series = {{SSP}},
	title = {{Identifying Dormant Functionality in Malware Programs}},
	year = 2010
}

@inbook{Brumley08botnet,
	author = {Brumley, David and Hartwig, Cody and Liang, Zhenkai and Newsome, James and Song, Dawn and Yin, Heng},
	booktitle = {{Botnet Analysis and Defense}},
	pages = {65--88},
	title = {{Automatically Identifying Trigger-based Behavior in Malware}},
	year = 2008
}

@article{King76,
	author = {King, James C.},
	journal = {CACM},
	number = 7,
	pages = {385--394},
	title = {{Symbolic Execution and Program Testing}},
	volume = 19,
	year = 1976
}

@inproceedings{MaKFH11,
	author = {Ma, Kin-Keung and Khoo, Yit Phang and Foster, Jeffrey S. and Hicks, Michael},
	pages = {95--111},
	series = {{SAS}},
	title = {{Directed Symbolic Execution}},
	year = 2011
}

@inproceedings{Godefroid08ndss,
	author = {Godefroid, Patrice and Levin, Michael Y. and Molnar, David},
	series = {{NDSS}},
	title = {{Automated Whitebox Fuzz Testing}},
	year = 2008
}

@inproceedings{CaballeroPKS09,
	author = {Caballero, Juan and Poosankam, Pongsin and Kreibich, Christian and Song, Dawn Xiaodong},
	series = {{CCS}},
	title = {{Dispatcher: Enabling Active Botnet Infiltration Using Automatic Protocol Reverse-Engineering}},
	year = 2009
}

@inproceedings{Caballero07ccs,
	author = {Caballero, Juan and Yin, Heng and Liang, Zhenkai and Song, Dawn},
	series = {{CCS}},
	title = {{Polyglot: Automatic Extraction of Protocol Message Format using Dynamic Binary Analysis}},
	year = 2007
}

@inproceedings{SSPComparettiWKK09,
	author = {Comparetti, Paolo Milani and Wondracek, Gilbert and Kr\"{u}gel, Christopher and Kirda, Engin},
	series = {{SSP}},
	title = {{Prospex: Protocol Specification Extraction}},
	year = 2009
}

@inproceedings{LukCMPKLWRH05,
	author = {Luk, Chi-Keung and Cohn, Robert S. and Muth, Robert and Patil, Harish and Klauser, Artur and Lowney, P. Geoffrey and Wallace, Steven and Reddi, Vijay Janapa and Hazelwood, Kim M.},
	series = {{PLDI}},
	title = {{Pin: Building Customized Program Analysis Tools with Dynamic Instrumentation}},
	year = 2005
}

@article{EgeleSKK12,
	author = {Egele, Manuel and Scholte, Theodoor and Kirda, Engin and Kruegel, Christopher},
	journal = {ACM Computing Survey},
	number = 2,
	title = {{A Survey On Automated Dynamic Malware-Analysis Techniques and Tools}},
	volume = 44,
	year = 2012
}

@inproceedings{GodefroidKS05,
	author = {Godefroid, Patrice and Klarlund, Nils and Sen, Koushik},
	series = {{PLDI}},
	title = {{DART: Directed Automated Random Testing}},
	year = 2005
}

@inproceedings{CadarGPDE06,
	author = {Cadar, Cristian and Ganesh, Vijay and Pawlowski, Peter M. and Dill, David L. and Engler, Dawson R.},
	series = {{CCS}},
	title = {{EXE: Automatically Generating Inputs of Death}},
	year = 2006
}

@inproceedings{wang2009reformat,
	author = {Wang, Zhi and Jiang, Xuxian and Cui, Weidong and Wang, Xinyuan and Grace, Mike},
	series = {{ESORICS}},
	title = {{ReFormat: Automatic Reverse Engineering of Encrypted Messages}},
	year = {2009}
}

@inproceedings{LinJXZ08,
	author = {Lin, Zhiqiang and Jiang, Xuxian and Xu, Dongyan and Zhang, Xiangyu},
	series = {{NDSS}},
	title = {{Automatic Protocol Format Reverse Engineering through Context-Aware Monitored Execution}},
	year = 2008
}

@inproceedings{WondracekCKK08,
	author = {Wondracek, Gilbert and Comparetti, Paolo Milani and Kr\"{u}gel, Christopher and Kirda, Engin},
	series = {{NDSS}},
	title = {{Automatic Network Protocol Analysis}},
	year = 2008
}

@article{Valiant1984,
	author = {Valiant, L. G.},
	journal = {CACM},
	title = {{A Theory of the Learnable}},
	volume = 27,
	year = 1984
}

@article{denis2001learning,
	author = {Denis, Fran\c{c}ois},
	journal = {Machine Learning},
	number = {1-2},
	pages = {37--66},
	title = {{Learning Regular Languages from Simple Positive Examples}},
	volume = {44},
	year = {2001}
}

@article{AlonKNS00,
	author = {Alon, Noga and Krivelevich, Michael and Newman, Ilan and Szegedy, Mario},
	journal = {SIAM Journal on Computing},
	number = 6,
	pages = {1842--1862},
	title = {{Regular Languages are Testable with a Constant Number of Queries}},
	volume = 30,
	year = 2000
}

@unpublished{EmmanuelHaucourt2013,
	author = {Haucourt, Emmanuel},
	howpublished = {Cours donn\'{e} au Master Parisien de Recherche en Informatique},
	title = {{Concurrence et Topologie Alg\'{e}brique Dirig\'{e}e}}
}

@inproceedings{MyPubBotconf2013,
	author = {Bonfante, Guillaume and Marion, Jean-Yves and Ta, {Thanh Dinh}},
	series = {{Botconf}},
	title = {{Efficient Program Exploration by Input Fuzzing}},
	year = {2013}
}

@online{GReAT,
	author = {{GReAT, Kaspersky Lab}},
	month = 8,
	title = {{The Mystery of the Encrypted Gauss Payload}},
	url = {http://goo.gl/uvWUA6},
	year = 2013
}

@inproceedings{SharifLGL08,
	author = {Sharif, Monirul I. and Lanzi, Andrea and Giffin, Jonathon T. and Lee, Wenke},
	booktitle = {{NDSS}},
	title = {{Impeding Malware Analysis Using Conditional Code Obfuscation}},
	year = 2008
}

@article{Dyninst2000,
	author = {Buck, Bryan and Hollingsworth, Jeffrey K.},
	journal = {IJHPCA},
	number = 4,
	pages = {317--329},
	title = {{An API for Runtime Code Patching}},
	volume = 14,
	year = 2000
}

@article{AkgulM04,
	author = {Akgul, Tankut and III, Vincent John Mooney},
	journal = {TOSEM},
	number = 2,
	pages = {149--198},
	title = {{Assembly Instruction Level Reverse Execution for Debugging}},
	volume = 13,
	year = 2004
}

@online{PathExplorer,
	author = {Bonfante, Guillaume and Marion, Jean-Yves and Ta, Thanh Dinh},
	title = {{PathExplorer}},
	url = {https://github.com/tathanhdinh/PathExplorer}
}

@book{hopcroft2007automata,
	author = {Hopcroft, John E and Motwani, Rajeev and Ullman, Jeffrey D},
	journal = {Pearson Education},
	title = {{Introduction to Automata Theory, Languages, and Computation}},
	year = {2007}
}

@misc{grsdmypub,
	author = {Bonfante, Guillaume and Marion, Jean-Yves and {Thanh Dinh}, Ta},
	howpublished = {Poster at GRSD},
	series = {{GRSD}},
	title = {{Malware Message Analysis through Binary Traces}},
	year = 2014
}

@misc{inpreparation,
	author = {Bonfante, Guillaume and Marion, Jean-Yves and {Thanh Dinh}, Ta},
	howpublished = {In preparation},
	title = {{Reversing Input Message Format by Execution Trace Classification}},
	year = 2014
}

@article{lecomte2014,
	author = {Lecomte, S\'{e}bastien},
	series = {{SSTIC}},
	title = {{\'{E}laboration d{\rq}une repr\'{e}sentation interm\'{e}diaire pour l{\rq}ex\'{e}cution concolique et le marquage de donn\'{e}es sous Windows}},
	year = 2014
}

@article{SongTouili,
	author = {Song, Fu and Touili, Tayssir},
	journal = {STTT},
	number = {2},
	pages = {147--173},
	title = {{Pushdown model checking for malware detection}},
	volume = {16},
	year = {2014}
}

@inproceedings{BeaucampsGM12,
	author = {Beaucamps, Philippe and Gnaedig, Isabelle and Marion, Jean-Yves},
	series = {{ESORICS}},
	title = {{Abstraction-Based Malware Analysis Using Rewriting and Model Checking}},
	year = {2012}
}

@inproceedings{RepsB08,
	author = {Reps, Thomas W. and Balakrishnan, Gogul},
	series = {{ETAPS}},
	title = {{Improved Memory-Access Analysis for x86 Executables}},
	year = {2008}
}

@misc{radare,
	note = {\url{http://www.radare.org/}}
}

@misc{IDAPro,
	note = {\url{http://www.hex-rays.com/idapro/}},
	title = {{The IDA Pro Disassembler and Debugger}}
}

@inproceedings{KinderCAV2008,
	author = {Kinder, Johannes and Zuleger, Florian and Veith, Helmut},
	series = {{VMCAI}},
	title = {{An Abstract Interpretation-Based Framework for Control Flow Reconstruction from Binaries}},
	year = {2009}
}

@article{BardinH11,
	author = {Bardin, S\'{e}bastien and Herrmann, Philippe},
	title = {{OSMOSE: Automatic Structural Testing of Executables}},
	year = {2011}
}

@inproceedings{BardinVMCAI2011,
	author = {Bardin, S\'{e}bastien and Herrmann, Philippe and V\'{e}drine, Franck},
	series = {{VMCAI}},
	title = {{Refinement-based CFG Reconstruction from Unstructured Programs}},
	year = {2011}
}

@article{Angluin,
	author = {Angluin, Dana},
	journal = {Information and Control },
	number = {2},
	pages = {117--135},
	title = {{Inductive inference of formal languages from positive data }},
	volume = {45},
	year = {1980}
}

@thesis{CalvetThese,
	author = {Calvet, Joan},
	school = {Ecole polytechnique de Montr\'{e}al et Universit\'{e} de Lorraine.},
	title = {{Analyse dynamique de logiciels malveillants}},
	year = {2013}
}

@techreport{ZeusAnalysis,
	author = {IOActive},
	title = {{Reversal and Analysis of Zeus and SpyEye Banking Trojans}},
	year = {2012}
}

@techreport{ZeusNicolas,
	author = {Falliere, Nicolas and Chien, Eric},
	title = {{Zeus: King of the Bots}},
	year = {2009}
}

@online{ZeusSource,
	author = {{ZeuS source code}},
	url = {https://github.com/Visgean/Zeus.git},
	year = {2014}
}

@inproceedings{schwartz2010,
	author = {Schwartz, Edward J. and Avgerinos, Thanassis and Brumley, David},
	booktitle = {{SSP}},
	title = {{All You Ever Wanted to Know About Dynamic Taint Analysis and Forward Symbolic Execution}},
	year = {2010}
}

@online{httpparser,
	author = {Joyent},
	title = {{http-parser}},
	url = {https://github.com/joyent/http-parser},
	year = {2014}
}

@online{nginx,
	author = {Sysoev, Igor},
	title = {{Nginx}},
	url = {http://nginx.org/},
	year = {2014}
}

@online{wget,
	author = {wget},
	title = {{GNU wget}},
	url = {http://www.gnu.org/software/wget/},
	year = {2014}
}

@book{Wirth1976,
	author = {Wirth, Niklaus},
	isbn = {978-0-13-022418-7},
	publisher = {Prentice-Hall},
	title = {{Algorithms + Data Structures = Programs}},
	year = 1976
}

@inproceedings{lee2011tie,
	author = {Lee, JongHyup and Avgerinos, Thanassis and Brumley, David},
	booktitle = {{NDSS}},
	title = {{TIE: Principled Reverse Engineering of Types in Binary Programs.}},
	year = {2011}
}

@inproceedings{LinZX10,
	author = {Lin, Zhiqiang and Zhang, Xiangyu and Xu, Dongyan},
	booktitle = {{NDSS}},
	title = {{Automatic Reverse Engineering of Data Structures from Binary Execution.}},
	year = 2010
}

@phdthesis{cifuentes1994reverse,
	author = {Cifuentes, Cristina},
	school = {Queensland University of Technology},
	title = {{Reverse compilation techniques}},
	year = {1994}
}

@online{HexRay,
	author = {Hex-Rays},
	title = {{Hex-Rays Decompiler}},
	url = {https://www.hex-rays.com/products/decompiler}
}

@online{Sophail1,
	author = {Ormandy, Tavis},
	title = {{Sophail: A Critical Analysis of Sophos Antivirus}},
	url = {https://lock.cmpxchg8b.com/sophail.pdf},
	year = {2011}
}

@inproceedings{PechouxT14,
	author = {P\'{e}choux, Romain and Ta, {Thanh Dinh}},
	booktitle = {{TAMC}},
	title = {{A Categorical Treatment of Malicious Behavioral Obfuscation}},
	year = {2014}
}

@inproceedings{SongT12,
	author = {Song, Fu and Touili, Tayssir},
	booktitle = {{FM}},
	title = {{Efficient Malware Detection Using Model-Checking.}},
	year = 2012
}

@inproceedings{Wdhk01,
	author = {Wang, Chenxi and Davidson, Jack and Hill, Jonathan and Knight, John},
	booktitle = {{DSN}},
	title = {{Protection of Software-based Survivability Mechanisms}},
	year = 2001
}

@inproceedings{Wee05,
	author = {Wee, Hoeteck},
	booktitle = {{STOC}},
	title = {{On Obfuscating Point Functions}},
	year = 2005
}

@inproceedings{CalvetFM12,
	author = {Calvet, Joan and Fernandez, Jos\'{e} M. and Marion, Jean-Yves},
	booktitle = {{CCS}},
	title = {{Aligot: Cryptographic Function Identification in Obfuscated Binary Programs}},
	year = 2012
}

@mastersthesis{Lutz2008,
	author = {Lutz, No\'{e}},
	school = {ETH Zurich},
	title = {{Towards Revealing Attackers{\rq} Intent by Automatically Decrypting Network Traffic}},
	year = 2008
}

@article{RieckTWH11,
	author = {Rieck, Konrad and Trinius, Philipp and Willems, Carsten and Holz, Thorsten},
	journal = {Journal of Computer Security},
	number = 4,
	title = {{Automatic Analysis of Malware Behavior using Machine Learning}},
	volume = 19,
	year = 2011
}

@inproceedings{GavrilutCAC09,
	author = {Gavrilut, Dragos and Cimpoesu, Mihai and Anton, Dan and Ciortuz, Liviu},
	booktitle = {{IMCSIT}},
	title = {{Malware Detection Using Machine Learning}},
	year = 2009
}

@article{KolterM06,
	author = {Kolter, Jeremy Z. and Maloof, Marcus A.},
	journal = {Journal of Machine Learning Research},
	title = {{Learning to Detect and Classify Malicious Executables in the Wild}},
	volume = 6,
	year = 2006
}

@inproceedings{LeeAH04,
	author = {Lee, Hyungjick and Alves-Foss, Jim and Harrison, Scott},
	booktitle = {{HICSS}},
	title = {{The Use of Encrypted Functions for Mobile Agent Security}},
	year = 2004
}

@article{Lakhoitia2003,
	author = {Lakhotia, Arun and Singh, Prabhat K.},
	journal = {Virus Bulletin},
	title = {{Challenges in Getting Formal with Viruses}},
	year = 2003
}

@article{sangiorgi2009origins,
	author = {Sangiorgi, Davide},
	journal = {TOPLAS},
	number = {4},
	publisher = {ACM},
	title = {{On the Origins of Bisimulation and Coinduction}},
	volume = {31},
	year = {2009}
}

@article{DixonK13,
	author = {Dixon, Lucas and Kissinger, Aleks},
	journal = {Mathematical Structures in Computer Science},
	number = 2,
	pages = {308--359},
	title = {{Open-graphs and monoidal theories}},
	volume = 23,
	year = 2013
}

@incollection{hahn1997graph,
	author = {Hahn, Ge\v{n}a and Tardif, Claude},
	booktitle = {{Graph Symmetry}},
	pages = {107--166},
	publisher = {Springer},
	title = {{Graph homomorphisms: structure and symmetry}},
	year = {1997}
}

@book{bryant2008computer,
	author = {Bryant, Randal E and O'Hallaron, David R},
	publisher = {Prentice-Hall},
	title = {{Computer Systems: A Programmer's Perspective}},
	x-fetchedfrom = {Google Scholar},
	year = {2008}
}

@article{Rice53,
	author = {Rice, H. G.},
	journal = {Trans. Amer. Math. Soc.},
	pages = {358--366},
	title = {{Classes of Recursively Enumerable Sets and Their Decision Problems}},
	volume = 74,
	year = 1953
}

@online{Samba2003,
	author = {Tridgell, Andrew},
	month = {8},
	title = {{How Samba was written}},
	url = {https://www.samba.org/ftp/tridge/misc/french_cafe.txt},
	year = {2003}
}

@inproceedings{cui2007discoverer,
	author = {Cui, Weidong and Kannan, Jayanthkumar and Wang, Helen J},
	series = {{USENIX Security}},
	title = {{Discoverer: Automatic Protocol Reverse Engineering from Network Traces}},
	year = {2007}
}

@inproceedings{PredaGDCT10,
	author = {{Dalla Preda}, Mila and Giacobazzi, Roberto and Debray, Saumya K. and Coogan, Kevin and Townsend, Gregg M.},
	series = {{SAS}},
	title = {{Modelling Metamorphism by Abstract Interpretation}},
	year = 2010
}

@inproceedings{wcreDebrayP10,
	author = {Debray, Saumya K. and Patel, Jay},
	series = {{WCRE}},
	title = {{Reverse Engineering Self-Modifying Code: Unpacker Extraction}},
	year = 2010
}

@inproceedings{wcreCooganDKT99a,
	author = {Coogan, Kevin and Debray, Saumya K. and Kaochar, Tasneem and Townsend, Gregg M.},
	series = {{WCRE}},
	title = {{Automatic Static Unpacking of Malware Binaries}},
	year = 2009
}

@article{gomes2008satisfiability,
	author = {Gomes, Carla P and Kautz, Henry and Sabharwal, Ashish and Selman, Bart},
	journal = {Handbook of Knowledge Representation},
	pages = {89--134},
	publisher = {Elsevier},
	title = {{Satisfiability Solvers}},
	volume = {3},
	year = {2008}
}

@inproceedings{SenMarinovAgha2005CUTE,
	author = {Sen, Koushik and Marinov, Darko and Agha, Gul},
	series = {{ESEC/FSE}},
	title = {{CUTE: A Concolic Unit Testing Engine for {C}}},
	year = 2005
}

@inproceedings{BrumleyJAS11,
	author = {Brumley, David and Jager, Ivan and Avgerinos, Thanassis and Schwartz, Edward J.},
	series = {{CAV}},
	title = {{BAP: A Binary Analysis Platform}},
	year = 2011
}

@inproceedings{BardinHLLTV11,
	author = {Bardin, S\'{e}bastien and Herrmann, Philippe and Leroux, J\'{e}r\^{o}me and Ly, Olivier and Tabary, Renaud and Vincent, Aymeric},
	series = {{CAV}},
	title = {{The BINCOA Framework for Binary Code Analysis}},
	year = 2011
}

@inproceedings{song08iciss,
	author = {Song, Dawn and Brumley, David and Yin, Heng and Caballero, Juan and Jager, Ivan and Kang, Min Gyung and Liang, Zhenkai and Newsome, James and Poosankam, Pongsin and Saxena, Prateek},
	series = {{ICISS}},
	title = {{BitBlaze: A New Approach to Computer Security via Binary Analysis}},
	year = 2008
}

@online{AimOscar2000,
	author = {Fritzler, Adam and Werndorfer, Scott},
	title = {{UnOfficial AIM/OSCAR Protocol Specification}},
	url = {http://www.oilcan.org/oscar/},
	year = {2000}
}

@online{OuaniloSkype2000,
	author = {Medegan, Ouanilo},
	title = {{Skype Reverse}},
	url = {http://www.oklabs.net/category/skype-reverse/},
	year = {2012}
}

@inproceedings{kholia2013looking,
	author = {Kholia, Dhiru and Wegrzyn, Przemyslaw},
	series = {{WOOT}},
	title = {{Looking Inside the (Drop) Box}},
	year = {2013}
}

@book{sangiorgi2011introduction,
	author = {Sangiorgi, Davide},
	publisher = {Cambridge University Press},
	title = {{Introduction to Bisimulation and Coinduction}},
	year = {2011}
}

@book{IntelSoftwareDevRef,
	author = {{Intel Corporation}},
	month = {9},
	title = {{Intel\textsuperscript{\textregistered} 64 and IA-32 Architectures Software Developer's Manual}},
	year = {2014}
}

@article{BiswasM99,
	author = {Biswas, Bitan and Mall, Rajib},
	journal = {SIGPLAN Notices},
	number = 4,
	pages = {61--69},
	title = {{Reverse Execution of Programs}},
	volume = 34,
	year = 1999
}

@phdthesis{NethercotePhd2004,
	author = {Nethercote, Nicholas},
	month = {11},
	school = {University of Cambridge},
	title = {{Dynamic Binary Analysis and Instrumentation}},
	year = 2004
}

@book{IntelSoftwareOpt,
	author = {{Intel Corporation}},
	month = {9},
	title = {{Intel\textsuperscript{\textregistered} 64 and IA-32 Optimization Reference Manual}},
	year = {2014}
}

@online{systemvabi,
	author = {Matz, Michael and {Hubi\v cka}, Jan and Jaeger, Andreas and Mitchell, Mark},
	month = {10},
	title = {{System V Application Binary Interface}},
	url = {http://www.x86-64.org/documentation/abi.pdf},
	year = {2013}
}

@inproceedings{newsome05ndss,
	author = {Newsome, James and Song, Dawn},
	series = {{NDSS}},
	title = {{Dynamic Taint Analysis for Automatic Detection, Analysis, and Signature Generation of Exploits on Commodity Software}},
	year = 2005
}

@book{fuzzingbruteforce,
	author = {Sutton, Michael and Greene, Adam and Amini, Pedram},
	publisher = {Addison-Wesley},
	title = {{Fuzzing: Brute Force Vulnerability Discovery}},
	year = {2007}
}

@inproceedings{abstractinterpretation1977,
	author = {Cousot, Patrick and Cousot, Radhia},
	booktitle = {{POPL}},
	title = {{Abstract Interpretation: A Unified Lattice Model for Static Analysis of Programs by Construction or Approximation of Fixpoints}},
	year = {1977}
}

@misc{skypeneedle,
	author = {Biondi, Philippe and Fabrice, Desclaux},
	title = {{Silver Needle in the Skype}},
	year = {2006}
}

@article{NeedlemanWunsch1970,
	author = {Needleman, Saul Ben and Wunsch, Christian Dennis},
	journal = {Journal of Molecular Biology},
	month = {March},
	number = 3,
	pages = {443--453},
	title = {{A General Method Applicable to the Search for Similarities in the Amino Acid Sequence of Two Proteins}},
	volume = 48,
	year = 1970
}

@online{KasperskyReport2013,
	author = {Funk, Christian and Garnaeva, Maria},
	month = {12},
	title = {{Kaspersky Security Bulletin 2013}},
	url = {http://media.kaspersky.com/pdf/KSB_2013_EN.pdf},
	year = {2013}
}

@online{KasperskyReport2014,
	author = {David, Emm},
	title = {{Kaspersky Security Bulletin 2014. Malware Evolution}},
	url = {https://securelist.com/files/2014/12/Kaspersky-Security-Bulletin-2014-Malware-Evolution.pdf},
	year = {2014}
}

@online{McAfee082014,
	author = {McAfee},
	month = {8},
	title = {{McAfee LabsThreats Report}},
	url = {http://www.mcafee.com/us/resources/reports/rp-quarterly-threat-q2-2014.pdf},
	year = {2014}
}

@online{PandaLabs082014,
	author = {PandaLabs},
	month = {8},
	title = {{Quarterly Report PandaLabs}},
	url = {http://mediacenter.pandasecurity.com/mediacenter/wp-content/uploads/2014/07/Informe-Trimestral-Q2-2014-EN.pdf},
	year = {2014}
}

@online{Symantec2014,
	author = {Symantec},
	title = {{Symantec Internet Security Threat Report}},
	url = {http://www.symantec.com/content/en/us/enterprise/other_resources/b-istr_main_report_v19_21291018.en-us.pdf},
	year = {2014}
}

@online{DnsSinkhole2010,
	author = {Bruneau, Guy},
	month = {8},
	title = {{DNS Sinkhole}},
	url = {http://www.sans.org/reading-room/whitepapers/dns/dns-sinkhole-33523},
	year = {2010}
}

@article{kmpalgorithm,
	author = {Knuth, Donald and James, {H. Morris, Jr} and Pratt, {Vaughan R.}},
	journal = {SIAM Journal on Computing},
	title = {{Fast Pattern Matching in Strings}},
	year = {1977}
}

@online{kmpalgorithmimplementation,
	author = {Lecroq, Thierry},
	title = {{Knuth-Morris-Pratt algorithm}},
	url = {http://www-igm.univ-mlv.fr/~lecroq/string/node8.html},
	year = {1997}
}

@inproceedings{kang2007renovo,
	author = {Kang, Min Gyung and Poosankam, Pongsin and Yin, Heng},
	series = {{WORM}},
	title = {{Renovo: A hidden code extractor for packed executables}},
	year = {2007}
}

@inproceedings{guo2008packer,
	author = {Guo, Fanglu and Ferrie, Peter and Chiueh, Tzi-Cker},
	series = {{RAID}},
	title = {{A Study of the Packer Problem and Its Solutions}},
	year = {2008}
}

@online{upx,
	author = {Oberhumer, Markus and Molnar, Laszlo and Reiser, John},
	month = {9},
	title = {{Ultimate Packer for eXecutables}},
	url = {http://upx.sourceforge.net},
	year = {2013}
}

@inproceedings{reil2009,
	author = {Dullien, Thomas and Porst, Sebastian},
	series = {{CanSecWest}},
	title = {{REIL: A platform-independent intermediate representation of disassembled code for static code analysis}},
	year = {2009}
}

@book{practicalre,
	author = {Dang, Bruce and Gazet, Alexandre and Bachaalany, Elias},
	publisher = {Wiley},
	title = {{Practical Reverse Engineering: x86, x64, ARM, Windows Kernel, Reversing Tools, and Obfuscation}},
	year = {2014}
}

@book{practicalmalware,
	author = {Sikorski, Michael and Honig, Andrew},
	publisher = {No Starch Press},
	title = {{Practical Malware Analysis: The Hands-On Guide to Dissecting Malicious Software}},
	year = {2012}
}

@article{horspool1980approach,
	author = {Horspool, R. Nigel and Marovac, Nenad},
	journal = {The Computer Journal},
	number = {3},
	pages = {223--229},
	title = {{An Approach to the Problem of Detranslation of Computer Programs}},
	volume = {23},
	year = {1980}
}

@inproceedings{disassembleRev,
	author = {Schwarz, Benjamin and Debray, Saumya and Andrews, Gregory},
	series = {{WCRE}},
	title = {{Disassembly of Executable Code Revisited}},
	year = {2002}
}

@article{CaballeroS13,
	author = {Caballero, Juan and Song, Dawn},
	journal = {Computer Networks},
	number = 2,
	pages = {451--474},
	title = {{Automatic protocol reverse-engineering: Message format extraction and field semantics inference}},
	volume = 57,
	year = 2013
}

@inproceedings{dytan,
	author = {Clause, James and Li, Wanchun and Orso, Alessandro},
	series = {{ISSTA}},
	title = {{Dytan: A Generic Dynamic Taint Analysis Framework}},
	year = {2007}
}

@inproceedings{calvet2009malware,
	author = {Calvet, Joan and Davis, Carlton R and Bureau, Pierre-Marc},
	series = {{MALWARE}},
	title = {{Malware authors don't learn, and that's good!}},
	year = {2009}
}

@article{bonfante2009architecture,
	author = {Bonfante, Guillaume and Kaczmarek, Matthieu and Marion, Jean-Yves},
	journal = {Journal in Computer Virology},
	number = {3},
	title = {{Architecture of a Morphological Malware Detector}},
	volume = {5},
	year = {2009}
}

@online{packedstatistics,
	author = {Barbosa, Gabriel Negreira and Branco, Rodrigo Rubira},
	series = {{Black Hat USA}},
	title = {{Prevalent Characteristics in Modern Malware}},
	url = {https://www.blackhat.com/docs/us-14/materials/us-14-Branco-Prevalent-Characteristics-In-Modern-Malware.pdf},
	year = {2014}
}

@article{YanZA08,
	author = {Yan, Wei and Zhang, Zheng and Ansari, Nirwan},
	journal = {IEEE Security and Privacy},
	number = 5,
	pages = {65--69},
	title = {{Revealing Packed Malware}},
	volume = 6,
	year = 2008
}

@inproceedings{GuoFC08,
	author = {Guo, Fanglu and Ferrie, Peter and Chiueh, Tzi-cker},
	booktitle = {{RAID}},
	title = {{A Study of the Packer Problem and Its Solutions}},
	year = 2008
}

@online{runtimepackers,
	author = {Brosch, Tom and Morgenstern, Maik},
	series = {{Black Hat USA}},
	title = {{Runtime Packers: The Hidden Problem?}},
	url = {https://www.blackhat.com/presentations/bh-usa-06/BH-US-06-Morgenstern.pdf},
	year = {2006}
}

@inproceedings{cook1971complexity,
	author = {Cook, Stephen A},
	series = {{STOC}},
	title = {{The Complexity of Theorem-Proving Procedures}},
	year = {1971}
}

@online{trojandownloader,
	author = {Martin, Andrew},
	title = {{Anti analysis tricks in Trojan-Downloader.Win32.Agent.abti}},
	url = {http://www.martinsecurity.net/2008/09/01/anti-analysis-tricks-in-trojan-downloaderwin32agentabti},
	year = {2008}
}

@techreport{antidebugTyler,
	author = {Shields, Tyler},
	institution = {Veracode Inc.},
	title = {{Anti-Debugging - A Developer's View}},
	year = {2009}
}

@techreport{ultimateAntiDebug,
	author = {Ferrie, Peter},
	title = {{The Ultimate Anti-Debugging Reference}},
	year = {2011}
}

@book{hell2004graphs,
	author = {Hell, Pavol and Nesetril, Jaroslav},
	publisher = {Oxford University Press},
	title = {{Graphs and Homomorphisms}},
	year = {2004}
}

@online{detectPin,
	author = {Falcon, Francisco and Riva, Nahuel},
	series = {{Recon}},
	title = {{Dynamic Binary Instrumentation Frameworks: I know you're there spying on me}},
	year = {2012}
}

@online{baplifting,
	author = {BAP},
	title = {{BAP nightly report for x86-64}},
	url = {http://bap.ece.cmu.edu/nightly-reports/index-x8664.html},
	year = {2014}
}

@online{linksbrower,
	author = {Labs, Twibright},
	title = {{Links Web Browser}},
	url = {http://links.twibright.com/},
	year = {2014}
}

@online{linksbin,
	author = {Labs, Twibright},
	title = {{Links Web Browser}},
	url = {http://links.twibright.com/download/binaries/win32/}
}

@inproceedings{dgamalwares,
	author = {Antonakakis, Manos and Perdisci, Roberto and Nadji, Yacin and Vasiloglou, Nikolaos and Abu-Nimeh, Saeed and Lee, Wenke and Dagon, David},
	series = {{USENIX Security}},
	title = {{From Throw-Away Traffic to Bots: Detecting the Rise of DGA-Based Malware}},
	year = {2012}
}

@techreport{dambalatdl4,
	author = {Labs, Damballa},
	title = {{A New Iteration of the TDSS/TDL4 Malware Using DGA-based Command-and-Control}},
	url = {https://www.damballa.com/downloads/r_pubs/damballa_discovery_brief_9_2012.pdf},
	year = {2012}
}

@techreport{kraten,
	author = {Royal, Paul},
	title = {{Analysis of the Kraken Botnet}},
	url = {https://www.damballa.com/downloads/r_pubs/KrakenWhitepaper.pdf},
	year = {2008}
}

@article{graphvizlayout,
	author = {Gansner, Emden R. and Koutsofios, Eleftherios and North, Stephen C. and Vo, Phong-Kiem},
	journal = {IEEE Transactions on Software Engineering},
	title = {{A Technique for Drawing Directed Graphs}},
	year = {1993}
}

@article{ChikofskyCross1990,
	author = {Chikofsky, Elliot J. and Cross, James H.},
	journal = {IEEE Software},
	number = 1,
	pages = {13--17},
	title = {{Reverse Engineering and Design Recovery: A Taxonomy}},
	volume = 7,
	year = 1990
}

@online{nicene,
	author = {Schaff, Philip},
	title = {{Nicene and Post-Nicene Fathers: Series I/Volume I/Confessions/Book XI/Chapter 14}},
	url = {http://en.wikisource.org/wiki/Nicene_and_Post-Nicene_Fathers%3a_Series_I/Volume_I/Confessions/Book_XI/Chapter_14},
	year = {2014}
}

@book{simon1996sciences_artificial,
	address = {Cambridge, MA},
	author = {Simon, Herbert A.},
	edition = {3rd},
	publisher = {MIT Press},
	title = {{The Sciences of the Artificial}},
	year = 1996
}

@techreport{dolanmov,
	author = {Dolan, Stephen},
	title = {{mov is Turing-complete}},
	url = {http://www.cl.cam.ac.uk/~sd601/papers/mov.pdf},
	year = {2013}
}

@inproceedings{Ramilli2010,
	author = {Ramilli, Marco and Bishop, Matt},
	series = {{MALWARE}},
	title = {{Multi-Stage Delivery of Malware}},
	year = {2010}
}

@inproceedings{Bonfante2014,
	author = {Bonfante, Guillaume and Marion, Jean-Yves and Ta, {Thanh Dinh}},
	series = {{FPS}},
	title = {{Malware Message Classification by Dynamic Analysis}},
	year = {2014}
}

@article{Nachenberg97,
	author = {Nachenberg, Carey},
	journal = {CACM},
	number = 1,
	pages = {46--51},
	title = {{Computer Virus-Antivirus Coevolution}},
	volume = 40,
	year = 1997
}

@inproceedings{dynamicprogPinMSWindows,
	author = {Skaletsky, Alex and Devor, Tevi and Chachmon, Nadav and Cohn, Robert and Hazelwood, Kim and Vladimirov, Vladimir and Bach, Moshe},
	series = {{ISPASS}},
	title = {{Dynamic Program Analysis of Microsoft Windows Applications}},
	year = {2010}
}

@online{qemu,
	author = {Bellard, Fabrice},
	title = {{QEMU Open source processor emulator}},
	url = {qemu.org},
	year = {2014}
}

@techreport{GameOverZeuS1,
	author = {Andriesse, Dennis and Bos, Herbert},
	institution = {VU University Amsterdam},
	title = {{An Analysis of the Zeus Peer-to-Peer Protocol}},
	url = {http://www.few.vu.nl/~da.andriesse/papers/zeus-tech-report-2013.pdf},
	year = {2014}
}

@inproceedings{GameOverZeuS2,
	author = {Andriesse, Dennis and Rossow, Christian and Stone-Gross, Brett and Plohmann, Daniel and Bos, Herbert},
	series = {{MALWARE}},
	title = {{Highly Resilient Peer-to-Peer Botnets Are Here: An Analysis of Gameover Zeus}},
	year = {2013}
}

@inproceedings{bruening2001design,
	author = {Bruening, Derek and Duesterwald, Evelyn and Amarasinghe, Saman},
	series = {{FDDO}},
	title = {{Design and Implementation of a Dynamic Optimization Framework for Windows}},
	year = {2001}
}

@inproceedings{NethercoteS07,
	author = {Nethercote, Nicholas and Seward, Julian},
	series = {{PLDI}},
	title = {{Valgrind: A Framework for Heavyweight Dynamic Binary Instrumentation}},
	year = 2007
}

@inproceedings{BernatM11,
	author = {Bernat, Andrew R. and Miller, Barton P.},
	series = {{PASTE}},
	title = {{Anywhere, Any Time Binary Instrumentation}},
	year = 2011
}

@inproceedings{kemerlis2012libdft,
	author = {Kemerlis, Vasileios P and Portokalidis, Georgios and Jee, Kangkook and Keromytis, Angelos D},
	series = {{VEE}},
	title = {{libdft: Practical Dynamic Data Flow Tracking for Commodity Systems}},
	year = {2012}
}

@inproceedings{christ03sec,
	author = {Christodorescu, Mihai and Jha, Somesh},
	series = {{SSYM}},
	title = {{Static Analysis of Executables to Detect Malicious Patterns}},
	year = 2003
}

@article{roundy2013binary,
	author = {Roundy, Kevin A and Miller, Barton P},
	journal = {ACM Computing Surveys},
	number = {1},
	title = {{Binary-Code Obfuscations in Prevalent Packer Tools}},
	volume = {46},
	year = {2013}
}

@book{2011Hazelwood,
	author = {Hazelwood, Kim M.},
	publisher = {Morgan and Claypool Publishers},
	title = {{Dynamic Binary Modification: Tools, Techniques, and Applications}},
	year = 2011
}

@inproceedings{cai2007certified,
	author = {Cai, Hongxu and Shao, Zhong and Vaynberg, Alexander},
	series = {{PLDI}},
	title = {{Certified Self-Modifying Code}},
	year = {2007}
}

@inproceedings{reps2010there,
	author = {Reps, Thomas and Lim, Junghee and Thakur, Aditya and Balakrishnan, Gogul and Lal, Akash},
	series = {{CAV}},
	title = {{There's Plenty of Room at the Bottom: Analyzing and Verifying Machine Code}},
	year = {2010}
}

@book{Kozen1997,
	author = {Kozen, Dexter},
	isbn = {978-0-387-94907-9},
	publisher = {Springer},
	title = {{Automata and Computability}},
	year = 1997
}

@book{Jones1999,
	author = {Jones, Neil D.},
	isbn = {978-0-262-10064-9},
	publisher = {MIT Press},
	title = {{Computability and Complexity - from a Programming Perspective}},
	year = 1997
}

@phdthesis{phdKinder2010,
	author = {Kinder, Johannes},
	school = {Darmstadt University of Technology},
	title = {{Static Analysis of x86 Executables}},
	year = 2010
}

@article{cohen1993operating,
	author = {Cohen, Frederick B.},
	journal = {Computers and Security},
	number = {6},
	title = {{Operating System Protection Through Program Evolution}},
	volume = {12},
	year = {1993}
}

@inproceedings{franz2010unibus,
	author = {Franz, Michael},
	series = {{NSPW}},
	title = {{E unibus pluram: Massive-Scale Software Diversity as a Defense Mechanism}},
	year = {2010}
}

@inproceedings{yadegari2015generic,
	author = {Yadegari, Babak and Johannesmeyer, Brian and Whitely, Benjamin and Debray, Saumya},
	series = {{SSP}},
	title = {{A Generic Approach to Automatic Deobfuscation of Executable Code}},
	year = {2015}
}

@inproceedings{coogan2011deobfuscation,
	author = {Coogan, Kevin and Lu, Gen and Debray, Saumya},
	series = {{CCS}},
	title = {{Deobfuscating Virtualization-Obfuscated Software: A Semantics-Based Approach}},
	year = {2011}
}

@inproceedings{rolles2009unpacking,
	author = {Rolles, Rolf},
	series = {{WOOT}},
	title = {{Unpacking Virtualization Obfuscators}},
	year = {2009}
}

@inproceedings{Kinder12,
	author = {Kinder, Johannes},
	series = {{WCRE}},
	title = {{Towards Static Analysis of Virtualization-Obfuscated Binaries.}},
	year = 2012
}

@inproceedings{KruegelRVV04,
	author = {Kr\"{u}gel, Christopher and Robertson, William K. and Valeur, Fredrik and Vigna, Giovanni},
	booktitle = {{USENIX Security}},
	title = {{Static Disassembly of Obfuscated Binaries}},
	year = 2004
}

@inproceedings{collberg2012distributed,
	author = {Collberg, Christian and Martin, Sam and Myers, Jonathan and Nagra, Jasvir},
	series = {{ACSAC}},
	title = {{Distributed Application Tamper Detection via Continuous Software Updates}},
	year = {2012}
}

@inproceedings{ollvm2015,
	author = {Junod, Pascal and Rinaldini, Julien and Wehrli, Johan and Michielin, Julie},
	series = {{SPRO}},
	title = {{Obfuscator-LLVM - Software Protection for the Masses}},
	year = {2015}
}

@online{vmprotect2015,
	title = {{VMProtect Software Protection}},
	url = {http://vmpsoft.com/},
	year = {2015}
}

@online{codevirtualizer2015,
	title = {{Code Virtualizer - Total Obfuscation against Reverse Engineering}},
	url = {http://oreans.com/},
	year = {2015}
}

@inproceedings{UdupaDM05,
	author = {Udupa, Sharath K. and Debray, Saumya K. and Madou, Matias},
	booktitle = {{WCRE}},
	title = {{Deobfuscation: Reverse Engineering Obfuscated Code.}},
	year = 2005
}

@inproceedings{SharifLGL09,
	author = {Sharif, Monirul I. and Lanzi, Andrea and Giffin, Jonathon T. and Lee, Wenke},
	series = {{SSP}},
	title = {{Automatic Reverse Engineering of Malware Emulators}},
	year = 2009
}

@inproceedings{bonfante2012code,
	author = {Bonfante, Guillaume and Marion, Jean-Yves and Sabatier, Fabrice and Thierry, Aur\'{e}lien},
	series = {{MALWARE}},
	title = {{Code synchronization by morphological analysis}},
	year = {2012}
}

@article{GoldwasserR14,
	author = {Goldwasser, Shafi and Rothblum, Guy N.},
	journal = {Journal of Cryptology},
	number = 3,
	title = {{On Best-Possible Obfuscation}},
	volume = 27,
	year = 2014
}

@inproceedings{GargGH0SW13,
	author = {Garg, Sanjam and Gentry, Craig and Halevi, Shai and Raykova, Mariana and Sahai, Amit and Waters, Brent},
	booktitle = {{FOCS}},
	title = {{Candidate Indistinguishability Obfuscation and Functional Encryption for all Circuits.}},
	year = 2013
}

@inproceedings{GiacobazziJM12,
	author = {Giacobazzi, Roberto and Jones, Neil D. and Mastroeni, Isabella},
	booktitle = {{PEPM}},
	title = {{Obfuscation by Partial Evaluation of Distorted Interpreters}},
	year = 2012
}

@article{Futamura99a,
	author = {Futamura, Yoshihiko},
	journal = {Higher-Order and Symbolic Computation},
	number = 4,
	title = {{Partial Evaluation of Computation Process - An Approach to a Compiler-Compiler}},
	volume = 12,
	year = 1999
}

@article{Jones04,
	author = {Jones, Neil D.},
	journal = {Science of Computer Programming},
	title = {{Transformation by Interpreter Specialisation}},
	volume = 52,
	year = 2004
}

@article{kanzakicode,
	author = {Kanzaki, Yuichiro and Monden, Akito and Collberg, Christian},
	booktitle = {{SPRO}},
	title = {{Code Artificiality: A Metric for the Code Stealth Based on an N-gram Model}},
	year = 2015
}

@article{banescuframework,
	author = {Banescu, Sebastian and Ochoa, Mart{\i}n and Pretschner, Alexander},
	booktitle = {{SPRO}},
	title = {{A Framework for Measuring Software Obfuscation Resilience Against Automated Attacks}},
	year = 2015
}

@article{mccabe1976complexity,
	author = {McCabe, Thomas J},
	journal = {IEEE Transactions on Software Engineering},
	number = {4},
	title = {{A Complexity Measure}},
	year = {1976}
}

@inproceedings{AnckaertMSBBP07,
	author = {Anckaert, Bertrand and Madou, Matias and Sutter, Bjorn De and Bus, Bruno De and Bosschere, Koen De and Preneel, Bart},
	booktitle = {{QoP}},
	title = {{Program Obfuscation: A Quantitative Approach}},
	year = 2007
}

@inproceedings{GiacobazziM12,
	author = {Giacobazzi, Roberto and Mastroeni, Isabella},
	booktitle = {{SAS}},
	title = {{Making Abstract Interpretation Incomplete: Modeling the Potency of Obfuscation.}},
	year = 2012
}

@inproceedings{CousotCPOPL02,
	author = {Cousot, Patrick and Cousot, Radhia},
	booktitle = {{POPL}},
	title = {{Systematic design of program transformation frameworks by abstract interpretation.}},
	year = 2002
}

@inproceedings{BansalA06,
	author = {Bansal, Sorav and Aiken, Alex},
	booktitle = {{ASPLOS}},
	title = {{Automatic Generation of Peephole Superoptimizers}},
	year = 2006
}

@inproceedings{movfuscator,
	author = {Domas, Christopher},
	booktitle = {{RECON}},
	title = {{Turning 'mov' into a soul-crushing RE nightmare}},
	year = {2015}
}

@online{movturing,
	author = {Dolan, Stephen},
	title = {{mov is Turing-complete}},
	url = {http://www.cl.cam.ac.uk/~sd601/papers/mov.pdf},
	year = {2013}
}

@inproceedings{AllenKPW83,
	author = {Allen, John R. and Kennedy, Ken and Porterfield, Carrie and Warren, Joe D.},
	booktitle = {{POPL}},
	title = {{Conversion of Control Dependence to Data Dependence.}},
	year = 1983
}

@online{binsec,
	title = {{Binary Code Analysis for Security}},
	url = {http://binsec.gforge.inria.fr/},
	year = {2015}
}

@online{Bendersky2011Pic,
	author = {Bendersky, Eli},
	title = {{Position Independent Code (PIC) in shared libraries}},
	url = {http://eli.thegreenplace.net/2011/11/03/position-independent-code-pic-in-shared-libraries/},
	year = {2011}
}

@inproceedings{MouraTacasB08,
	author = {de Moura, Leonardo Mendon\c{c}a and Bj{\o}rner, Nikolaj},
	booktitle = {{TACAS}},
	title = {{Z3: An Efficient SMT Solver}},
	year = 2008
}

@techreport{barrett2015smt,
	author = {Barrett, Clark and Fontaine, Pascal and Tinelli, Cesare},
	title = {{The SMT-LIB Standard: Version 2.5}},
	year = {2015}
}

@inproceedings{ChaARB12,
	author = {Cha, Sang Kil and Avgerinos, Thanassis and Rebert, Alexandre and Brumley, David},
	booktitle = {{SSP}},
	title = {{Unleashing Mayhem on Binary Code.}},
	year = 2012
}

@article{GodefroidLMSage12,
	author = {Godefroid, Patrice and Levin, Michael Y. and Molnar, David A.},
	journal = {ACM Queue},
	number = 1,
	title = {{SAGE: Whitebox Fuzzing for Security Testing}},
	volume = 10,
	year = 2012
}

@inproceedings{shacham2007geometry,
	author = {Shacham, Hovav},
	booktitle = {{CCS}},
	title = {{The Geometry of Innocent Flesh on the Bone: Return-into-libc without Function Calls (on the x86)}},
	year = {2007}
}

